
   <!--Record: 3-->
   <record>
      <leader>04858nab a2200685 u 4500</leader>
      <controlfield tag="001">9916289329007426</controlfield>
      <controlfield tag="005">20221118052742.0</controlfield>
      <controlfield tag="008">200412e202004 xx |||||o|||||||||||eng||</controlfield>
      <datafield tag="016" ind1="7" ind2=" ">
         <subfield code="a">IND606884549</subfield>
         <subfield code="2">DNAL</subfield>
      </datafield>
      <datafield tag="024" ind1="7" ind2=" ">
         <subfield code="a">10.1007/s10980-020-00983-0</subfield>
         <subfield code="2">doi</subfield>
      </datafield>
      <datafield tag="035" ind1=" " ind2=" ">
         <subfield code="a">agid:6884549-01nal_inst</subfield>
      </datafield>
      <datafield tag="040" ind1=" " ind2=" ">
         <subfield code="a">AGL</subfield>
         <subfield code="b">eng</subfield>
         <subfield code="c">AGL</subfield>
      </datafield>
      <datafield tag="100" ind1="1" ind2=" ">
         <subfield code="a">Jeronimo, Sean M. A.</subfield>
         <subfield code="e">author</subfield>
         <subfield code="u">School of Environmental and Forest Sciences, College of the Environment,
        University of Washington, Box 352100, Seattle, WA, 98195, USA. jeronimo@uw.edu</subfield>
         <subfield code="1">https://orcid.org/0000-0002-3987-4544</subfield>
      </datafield>
      <datafield tag="245" ind1="1" ind2="0">
         <subfield code="a">Burn weather and three-dimensional fuel structure determine post-fire tree
        mortality</subfield>
      </datafield>
      <datafield tag="300" ind1=" " ind2=" ">
         <subfield code="a">p. 859-878.</subfield>
      </datafield>
      <datafield tag="520" ind1=" " ind2=" ">
         <subfield code="a">CONTEXT: Post-fire tree mortality is a spatially structured process driven
        by interacting factors across multiple scales. However, empirical models of fire-caused tree
        mortality are generally not spatially explicit, do not differentiate among scales, and do
        not differentiate immediate from delayed mortality. OBJECTIVES: We aimed to quantify
        cross-scale linkages between forest structure—including spatial patterns of trees—and the
        progression of mortality 1–4 years post-fire in terms of rates, causes, and underlying
        demography. METHODS: We used data from a long-term study site in the Sierra Nevada,
        California to build a post-fire tree mortality model predicted by lidar-measured estimates
        of structure. We calculated structural metrics at scales from individual trees to 90 × 90 m
        neighborhoods and combined them with metrics for topography, site water balance, and burn
        weather to predict immediate and delayed post-fire tree mortality. RESULTS: Mortality rates
        decreased while average diameter of newly killed trees increased each year post-fire. Burn
        weather predictors as well as interactive terms across scales improved model fit and
        parsimony. Including landscape-scale information improved finer-scale predictions but not
        vice versa. The amount of fuel, fuel configuration, and burning conditions predicted total
        mortality at broader scales while tree group-scale fuel connectivity, tree species fire
        tolerance, and local stresses predicted the fine-scale distribution, timing, and agents of
        mortality. CONCLUSIONS: Landscape-scale conditions provide the template upon which
        finer-scale variation in post-fire tree mortality is arranged. Post-fire forest structure is
        associated with the etiologies of different mortality agents, and so landscape-level
        heterogeneity is a key part of ecosystem stability and resilience.</subfield>
      </datafield>
      <datafield tag="592" ind1=" " ind2=" ">
         <subfield code="a">Publisher supplied data</subfield>
      </datafield>
      <datafield tag="593" ind1=" " ind2=" ">
         <subfield code="a">PubAg article</subfield>
      </datafield>
      <datafield tag="596" ind1=" " ind2=" ">
         <subfield code="a">Grant 16-1-04-02</subfield>
         <subfield code="c">Joint Fire Science Program</subfield>
      </datafield>
      <datafield tag="596" ind1=" " ind2=" ">
         <subfield code="a">Project 1153</subfield>
         <subfield code="c">Utah Agricultural Experiment Station</subfield>
      </datafield>
      <datafield tag="596" ind1=" " ind2=" ">
         <subfield code="a">Project 1398</subfield>
         <subfield code="c">Utah Agricultural Experiment Station</subfield>
      </datafield>
      <datafield tag="650" ind1=" " ind2="3">
         <subfield code="a">burning</subfield>
      </datafield>
      <datafield tag="650" ind1=" " ind2="3">
         <subfield code="a">demography</subfield>
      </datafield>
      <datafield tag="650" ind1=" " ind2="3">
         <subfield code="a">ecological balance</subfield>
      </datafield>
      <datafield tag="650" ind1=" " ind2="3">
         <subfield code="a">empirical models</subfield>
      </datafield>
      <datafield tag="650" ind1=" " ind2="3">
         <subfield code="a">fire resistance</subfield>
      </datafield>
      <datafield tag="650" ind1=" " ind2="3">
         <subfield code="a">forests</subfield>
      </datafield>
      <datafield tag="650" ind1=" " ind2="3">
         <subfield code="a">fuels</subfield>
      </datafield>
      <datafield tag="650" ind1=" " ind2="3">
         <subfield code="a">mortality</subfield>
      </datafield>
      <datafield tag="650" ind1=" " ind2="3">
         <subfield code="a">mountains</subfield>
      </datafield>
      <datafield tag="650" ind1=" " ind2="3">
         <subfield code="a">prediction</subfield>
      </datafield>
      <datafield tag="650" ind1=" " ind2="3">
         <subfield code="a">topography</subfield>
      </datafield>
      <datafield tag="650" ind1=" " ind2="3">
         <subfield code="a">tree mortality</subfield>
      </datafield>
      <datafield tag="650" ind1=" " ind2="3">
         <subfield code="a">trees</subfield>
      </datafield>
      <datafield tag="650" ind1=" " ind2="3">
         <subfield code="a">weather</subfield>
      </datafield>
      <datafield tag="651" ind1=" " ind2="3">
         <subfield code="a">California</subfield>
      </datafield>
      <datafield tag="700" ind1="1" ind2=" ">
         <subfield code="a">Lutz, James A.</subfield>
         <subfield code="e">author</subfield>
         <subfield code="u">Wildland Resources Department, Quinney College of Natural Resources, Utah
        State University, 5230 Old Main Hill, Logan, UT, 84322, USA</subfield>
      </datafield>
      <datafield tag="700" ind1="1" ind2=" ">
         <subfield code="a">R. Kane, Van</subfield>
         <subfield code="e">author</subfield>
         <subfield code="u">School of Environmental and Forest Sciences, College of the Environment,
        University of Washington, Box 352100, Seattle, WA, 98195, USA</subfield>
      </datafield>
      <datafield tag="700" ind1="1" ind2=" ">
         <subfield code="a">Larson, Andrew J.</subfield>
         <subfield code="e">author</subfield>
         <subfield code="u">W.A. Franke College of Forestry and Conservation, University of Montana, 32
        Campus Drive, Missoula, MT, 59802, USA</subfield>
      </datafield>
      <datafield tag="700" ind1="1" ind2=" ">
         <subfield code="a">Franklin, Jerry F.</subfield>
         <subfield code="e">author</subfield>
         <subfield code="u">School of Environmental and Forest Sciences, College of the Environment,
        University of Washington, Box 352100, Seattle, WA, 98195, USA</subfield>
      </datafield>
      <datafield tag="773" ind1="0" ind2=" ">
         <subfield code="t">Landscape ecology.</subfield>
         <subfield code="g">2020 Apr., v. 35, no. 4 p.859-878</subfield>
         <subfield code="d">Springer Netherlands</subfield>
         <subfield code="w">Journal:jnl3870067</subfield>
         <subfield code="x">0921-2973</subfield>
         <subfield code="7">nnas</subfield>
      </datafield>
      <datafield tag="787" ind1="1" ind2=" ">
         <subfield code="o">islandora_article_repository</subfield>
      </datafield>
      <datafield tag="787" ind1="1" ind2=" ">
         <subfield code="o">product_pubag</subfield>
      </datafield>
      <datafield tag="787" ind1="1" ind2=" ">
         <subfield code="o">(Journal)jnl3870067</subfield>
      </datafield>
      <datafield tag="856" ind1="4" ind2="0">
         <subfield code="u">http://dx.doi.org/10.1007/s10980-020-00983-0</subfield>
         <subfield code="3">Available from publisher's site</subfield>
      </datafield>
      <datafield tag="912" ind1=" " ind2=" ">
         <subfield code="a">Article</subfield>
      </datafield>
      <datafield tag="914" ind1=" " ind2=" ">
         <subfield code="a">Journal:jnl3870067</subfield>
         <subfield code="b">0921-2973</subfield>
         <subfield code="c">35</subfield>
         <subfield code="d">4</subfield>
         <subfield code="e">859</subfield>
      </datafield>
      <datafield tag="914" ind1=" " ind2=" ">
         <subfield code="f">Landscape ecology</subfield>
      </datafield>
      <datafield tag="916" ind1=" " ind2=" ">
         <subfield code="a">Batch:2523</subfield>
      </datafield>
      <datafield tag="917" ind1=" " ind2=" ">
         <subfield code="a">issued</subfield>
      </datafield>
      <datafield tag="918" ind1="2" ind2=" ">
         <subfield code="a">Springer</subfield>
         <subfield code="e">provider</subfield>
         <subfield code="5">DNAL</subfield>
      </datafield>
      <datafield tag="935" ind1=" " ind2=" ">
         <subfield code="a">IND606884549</subfield>
         <subfield code="9">ExL</subfield>
      </datafield>
      <datafield tag="949" ind1=" " ind2=" ">
         <subfield code="a">2020-07-21</subfield>
      </datafield>
      <datafield tag="953" ind1=" " ind2=" ">
         <subfield code="a">/data/metadata/incoming/springer/ftp_PUB_20-04-12_05-19-07.zip</subfield>
      </datafield>
      <datafield tag="954" ind1=" " ind2=" ">
         <subfield code="a">file:/data/metadata/staging/springer/10980-35-4.xml</subfield>
      </datafield>
      <datafield tag="955" ind1=" " ind2=" ">
         <subfield code="a">/data/metadata/staging/springer/</subfield>
      </datafield>
      <datafield tag="962" ind1=" " ind2=" ">
         <subfield code="a">Batch:2523 reviewed on 2020-07-21T04:00:04Z</subfield>
      </datafield>
      <datafield tag="974" ind1=" " ind2=" ">
         <subfield code="a">agid:6884549</subfield>
      </datafield>
      <datafield tag="983" ind1=" " ind2=" ">
         <subfield code="a">2020-04-12</subfield>
      </datafield>
      <datafield tag="984" ind1=" " ind2=" ">
         <subfield code="a">2020-07-21</subfield>
      </datafield>
   </record>