
   <!--Record: 5-->
   <record>
      <leader>04177nab a2200685 u 4500</leader>
      <controlfield tag="001">9916290782307426</controlfield>
      <controlfield tag="005">20221118055703.0</controlfield>
      <controlfield tag="008">180327e201804 xx |||||o|||||||||||eng||</controlfield>
      <datafield tag="016" ind1="7" ind2=" ">
         <subfield code="a">IND605920367</subfield>
         <subfield code="2">DNAL</subfield>
      </datafield>
      <datafield tag="024" ind1="7" ind2=" ">
         <subfield code="a">10.1111/aec.12556</subfield>
         <subfield code="2">doi</subfield>
      </datafield>
      <datafield tag="035" ind1=" " ind2=" ">
         <subfield code="a">agid:5920367-01nal_inst</subfield>
      </datafield>
      <datafield tag="040" ind1=" " ind2=" ">
         <subfield code="a">AGL</subfield>
         <subfield code="b">eng</subfield>
         <subfield code="c">AGL</subfield>
      </datafield>
      <datafield tag="100" ind1="1" ind2=" ">
         <subfield code="a">Silveira, Andréa Pereira</subfield>
         <subfield code="e">author</subfield>
      </datafield>
      <datafield tag="245" ind1="1" ind2="0">
         <subfield code="a">Is the spatial pattern of a tree population in a seasonally dry tropical
        climate explained by density‐dependent mortality?</subfield>
      </datafield>
      <datafield tag="300" ind1=" " ind2=" ">
         <subfield code="a">p. 191-202.</subfield>
      </datafield>
      <datafield tag="500" ind1=" " ind2=" ">
         <subfield code="a">JOURNAL ARTICLE</subfield>
      </datafield>
      <datafield tag="520" ind1=" " ind2=" ">
         <subfield code="a">Spatial pattern of tropical plants is initially generated by limited seed
        dispersal, but the role of density‐dependent and independent mechanisms as modifiers of
        these patterns across ontogeny is poorly understood. We investigated whether
        density‐dependent mortality (DDM) and environmental heterogeneity can drive spatial pattern
        across the ontogeny of a tree in a seasonally dry tropical climate. We used Moran's I
        correlograms and spatial analysis by distance indices (SADIE) to assess the spatial patterns
        of the pre‐ and post‐germinative stages of Cordia oncocalyx (Boraginaceae), an abundant tree
        endemic in the deciduous thorny woodland in the northeastern Brazilian semiarid region. We
        also used RDA to analyse the effect of DDM and environmental heterogeneity (measured by
        microtopography and canopy openness) in the mortality and recruitment. Seeds, seedlings,
        juveniles and adults showed aggregated spatial patterns; infants and immatures were randomly
        distributed; adults, seeds and seedlings attracted each other while adult, juveniles and
        immatures repulsed each other. Infant and seedling mortality rates were related to DDM and
        the recruitment from infant to juvenile was more influenced by spatial heterogeneity.
        Attraction was determined by local dispersal; repulsion was related to DDM and environment
        heterogeneity, which allowed the return to aggregation in adult stage. Together, these
        results indicated that spatial pattern can change across ontogeny, in which the initial
        stages are responsive to DDM and the final stages are influenced by spatial
        heterogeneity.</subfield>
      </datafield>
      <datafield tag="592" ind1=" " ind2=" ">
         <subfield code="a">Publisher supplied data</subfield>
      </datafield>
      <datafield tag="593" ind1=" " ind2=" ">
         <subfield code="a">PubAg article</subfield>
      </datafield>
      <datafield tag="650" ind1=" " ind2="3">
         <subfield code="a">Cordia</subfield>
      </datafield>
      <datafield tag="650" ind1=" " ind2="3">
         <subfield code="a">adults</subfield>
      </datafield>
      <datafield tag="650" ind1=" " ind2="3">
         <subfield code="a">canopy</subfield>
      </datafield>
      <datafield tag="650" ind1=" " ind2="3">
         <subfield code="a">immatures</subfield>
      </datafield>
      <datafield tag="650" ind1=" " ind2="3">
         <subfield code="a">infants</subfield>
      </datafield>
      <datafield tag="650" ind1=" " ind2="3">
         <subfield code="a">juveniles</subfield>
      </datafield>
      <datafield tag="650" ind1=" " ind2="3">
         <subfield code="a">microrelief</subfield>
      </datafield>
      <datafield tag="650" ind1=" " ind2="3">
         <subfield code="a">mortality</subfield>
      </datafield>
      <datafield tag="650" ind1=" " ind2="3">
         <subfield code="a">ontogeny</subfield>
      </datafield>
      <datafield tag="650" ind1=" " ind2="3">
         <subfield code="a">seed dispersal</subfield>
      </datafield>
      <datafield tag="650" ind1=" " ind2="3">
         <subfield code="a">seedlings</subfield>
      </datafield>
      <datafield tag="650" ind1=" " ind2="3">
         <subfield code="a">seeds</subfield>
      </datafield>
      <datafield tag="650" ind1=" " ind2="3">
         <subfield code="a">semiarid zones</subfield>
      </datafield>
      <datafield tag="650" ind1=" " ind2="3">
         <subfield code="a">spatial variation</subfield>
      </datafield>
      <datafield tag="650" ind1=" " ind2="3">
         <subfield code="a">trees</subfield>
      </datafield>
      <datafield tag="650" ind1=" " ind2="3">
         <subfield code="a">tropical plants</subfield>
      </datafield>
      <datafield tag="650" ind1=" " ind2="3">
         <subfield code="a">tropics</subfield>
      </datafield>
      <datafield tag="650" ind1=" " ind2="3">
         <subfield code="a">woodlands</subfield>
      </datafield>
      <datafield tag="700" ind1="1" ind2=" ">
         <subfield code="a">Martins, Fernando Roberto</subfield>
         <subfield code="e">author</subfield>
         <subfield code="u">Department of Plant Biology, Institute of Biology, University of Campinas –
        UNICAMP, Campinas, SP, Brazil</subfield>
      </datafield>
      <datafield tag="700" ind1="1" ind2=" ">
         <subfield code="a">Menezes, Bruno Sousa</subfield>
         <subfield code="e">author</subfield>
         <subfield code="u">Graduate Course in Ecology and Natural Resources, Department of Biology,
        Federal University of Ceará – UFC, Fortaleza, CE, Brazil</subfield>
      </datafield>
      <datafield tag="700" ind1="1" ind2=" ">
         <subfield code="a">Araújo, Francisca Soares</subfield>
         <subfield code="e">author</subfield>
         <subfield code="u">Graduate Course in Ecology and Natural Resources, Department of Biology,
        Federal University of Ceará – UFC, Fortaleza, CE, Brazil</subfield>
      </datafield>
      <datafield tag="773" ind1="0" ind2=" ">
         <subfield code="t">Austral ecology.</subfield>
         <subfield code="g">2018 Apr., v. 43, no. 2 p.191-202</subfield>
         <subfield code="d">John Wiley &amp; Sons, Ltd</subfield>
         <subfield code="w">Journal:jnl59958</subfield>
         <subfield code="x">1442-9985</subfield>
         <subfield code="7">nnas</subfield>
      </datafield>
      <datafield tag="787" ind1="1" ind2=" ">
         <subfield code="o">islandora_article_repository</subfield>
      </datafield>
      <datafield tag="787" ind1="1" ind2=" ">
         <subfield code="o">product_pubag</subfield>
      </datafield>
      <datafield tag="787" ind1="1" ind2=" ">
         <subfield code="o">(Journal)jnl59958</subfield>
      </datafield>
      <datafield tag="856" ind1="4" ind2="0">
         <subfield code="u">http://dx.doi.org/10.1111/aec.12556</subfield>
         <subfield code="3">Available from publisher's site</subfield>
      </datafield>
      <datafield tag="912" ind1=" " ind2=" ">
         <subfield code="a">Article</subfield>
      </datafield>
      <datafield tag="914" ind1=" " ind2=" ">
         <subfield code="a">Journal:jnl59958</subfield>
         <subfield code="b">1442-9985</subfield>
         <subfield code="c">43</subfield>
         <subfield code="d">2</subfield>
         <subfield code="e">191</subfield>
      </datafield>
      <datafield tag="914" ind1=" " ind2=" ">
         <subfield code="f">Austral ecology</subfield>
      </datafield>
      <datafield tag="916" ind1=" " ind2=" ">
         <subfield code="a">Batch:1967</subfield>
      </datafield>
      <datafield tag="917" ind1=" " ind2=" ">
         <subfield code="a">issued</subfield>
      </datafield>
      <datafield tag="918" ind1="2" ind2=" ">
         <subfield code="a">John Wiley &amp; Sons, Inc</subfield>
         <subfield code="e">provider</subfield>
         <subfield code="5">DNAL</subfield>
      </datafield>
      <datafield tag="935" ind1=" " ind2=" ">
         <subfield code="a">IND605920367</subfield>
         <subfield code="9">ExL</subfield>
      </datafield>
      <datafield tag="949" ind1=" " ind2=" ">
         <subfield code="a">2018-05-04</subfield>
      </datafield>
      <datafield tag="953" ind1=" " ind2=" ">
         <subfield code="a">/data/metadata/incoming/wiley/14429985_2018_43_2.xml</subfield>
      </datafield>
      <datafield tag="954" ind1=" " ind2=" ">
         <subfield code="a">file:/data/metadata/staging/wiley/14429985_2018_43_2.xml</subfield>
      </datafield>
      <datafield tag="955" ind1=" " ind2=" ">
         <subfield code="a">/data/metadata/staging/wiley/</subfield>
      </datafield>
      <datafield tag="962" ind1=" " ind2=" ">
         <subfield code="a">Batch:1967 reviewed on 2018-05-04T09:00:03Z</subfield>
      </datafield>
      <datafield tag="974" ind1=" " ind2=" ">
         <subfield code="a">agid:5920367</subfield>
      </datafield>
      <datafield tag="983" ind1=" " ind2=" ">
         <subfield code="a">2018-03-27</subfield>
      </datafield>
      <datafield tag="984" ind1=" " ind2=" ">
         <subfield code="a">2018-05-04</subfield>
      </datafield>
   </record>