
   <!--Record: 7-->
   <record>
      <leader>03384nab a2200577 u 4500</leader>
      <controlfield tag="001">9916291268107426</controlfield>
      <controlfield tag="005">20221118060858.0</controlfield>
      <controlfield tag="008">200513e19970501xx |||||o|||||||||||eng||</controlfield>
      <datafield tag="016" ind1="7" ind2=" ">
         <subfield code="a">IND606945091</subfield>
         <subfield code="2">DNAL</subfield>
      </datafield>
      <datafield tag="024" ind1="7" ind2=" ">
         <subfield code="a">10.1007/BF02348474</subfield>
         <subfield code="2">doi</subfield>
      </datafield>
      <datafield tag="035" ind1=" " ind2=" ">
         <subfield code="a">agid:6945091-01nal_inst</subfield>
      </datafield>
      <datafield tag="040" ind1=" " ind2=" ">
         <subfield code="a">AGL</subfield>
         <subfield code="b">eng</subfield>
         <subfield code="c">AGL</subfield>
      </datafield>
      <datafield tag="100" ind1="1" ind2=" ">
         <subfield code="a">Itô, Hiroki</subfield>
         <subfield code="e">author</subfield>
         <subfield code="u">Kansai Research Center, Forestry and Forest Products Research Institute,
        Kyoto 612, Japan</subfield>
      </datafield>
      <datafield tag="245" ind1="1" ind2="4">
         <subfield code="a">The Crown Shape of an Evergreen Oak, Quercus glauca, in a Hardwood
        Community</subfield>
      </datafield>
      <datafield tag="300" ind1=" " ind2=" ">
         <subfield code="a">p. 85-88.</subfield>
      </datafield>
      <datafield tag="500" ind1=" " ind2=" ">
         <subfield code="a">NAL-AP-2-clean</subfield>
      </datafield>
      <datafield tag="520" ind1=" " ind2=" ">
         <subfield code="a">The spatial pattern of the crown spread of Quercus glauca in a hardwood
        community was investigated in order to consider the effect of the patterns on its survival
        in a secondary hardwood community. The shape of a crown was defined by the spatial spread of
        the leaves (PCM crown), and by the spread of their branches (elliptic cylinder crown). The
        stem volume growth rate of a tree was strongly correlated with the corresponding total leaf
        area, which was then significantly correlated with the defined crown volume. This indicated
        that the stem volume growth depended on the crown volume as well as the total leaf area. An
        increase in leaf area was largely attained by the spatial volume of the crown, not by an
        increase in the leaf area density. The leaves inside the crown began to spread horizontally
        relative to the crown size as the total leaf area and tree size increased. On the other
        hand, for the crowns representing the branch spread, the crown shape (crown width/depth
        ratio) did not differ by internal leaf area and tree size. Such a spatial pattern was likely
        to be adaptive for a species that dominates at a mid-stage of secondary sere.</subfield>
      </datafield>
      <datafield tag="592" ind1=" " ind2=" ">
         <subfield code="a">Publisher supplied data</subfield>
      </datafield>
      <datafield tag="593" ind1=" " ind2=" ">
         <subfield code="a">PubAg article</subfield>
      </datafield>
      <datafield tag="650" ind1=" " ind2="3">
         <subfield code="a">Quercus glauca</subfield>
      </datafield>
      <datafield tag="650" ind1=" " ind2="3">
         <subfield code="a">forests</subfield>
      </datafield>
      <datafield tag="650" ind1=" " ind2="3">
         <subfield code="a">hardwood</subfield>
      </datafield>
      <datafield tag="650" ind1=" " ind2="3">
         <subfield code="a">leaf area</subfield>
      </datafield>
      <datafield tag="650" ind1=" " ind2="3">
         <subfield code="a">research</subfield>
      </datafield>
      <datafield tag="650" ind1=" " ind2="3">
         <subfield code="a">trees</subfield>
      </datafield>
      <datafield tag="653" ind1=" " ind2="0">
         <subfield code="a">crown shape</subfield>
      </datafield>
      <datafield tag="653" ind1=" " ind2="0">
         <subfield code="a">hardwood community</subfield>
      </datafield>
      <datafield tag="653" ind1=" " ind2="0">
         <subfield code="a">probe cylinder method</subfield>
      </datafield>
      <datafield tag="653" ind1=" " ind2="0">
         <subfield code="a">stem volume growth</subfield>
      </datafield>
      <datafield tag="700" ind1="1" ind2=" ">
         <subfield code="a">Sumida, Akihiro</subfield>
         <subfield code="e">author</subfield>
         <subfield code="u">Kansai Research Center, Forestry and Forest Products Research Institute,
        Kyoto 612, Japan</subfield>
      </datafield>
      <datafield tag="700" ind1="1" ind2=" ">
         <subfield code="a">Isagi, Yuji</subfield>
         <subfield code="e">author</subfield>
         <subfield code="u">Kansai Research Center, Forestry and Forest Products Research Institute,
        Kyoto 612, Japan</subfield>
      </datafield>
      <datafield tag="700" ind1="1" ind2=" ">
         <subfield code="a">Kamo, Koichi</subfield>
         <subfield code="e">author</subfield>
         <subfield code="u">Forestry and Forest Products Research Institute, Ibaraki 305,
        Japan</subfield>
      </datafield>
      <datafield tag="773" ind1="0" ind2=" ">
         <subfield code="t">Journal of forest research.</subfield>
         <subfield code="g">1997 May 1, v. 2, no. 2 p.85-88</subfield>
         <subfield code="d">Taylor &amp; Francis</subfield>
         <subfield code="w">Journal:jnl3870061</subfield>
         <subfield code="x">1610-7403</subfield>
         <subfield code="7">nnas</subfield>
      </datafield>
      <datafield tag="787" ind1="1" ind2=" ">
         <subfield code="o">islandora_article_repository</subfield>
      </datafield>
      <datafield tag="787" ind1="1" ind2=" ">
         <subfield code="o">product_pubag</subfield>
      </datafield>
      <datafield tag="787" ind1="1" ind2=" ">
         <subfield code="o">(Journal)jnl3870061</subfield>
      </datafield>
      <datafield tag="856" ind1="4" ind2="0">
         <subfield code="u">http://dx.doi.org/10.1007/BF02348474</subfield>
         <subfield code="3">Available from publisher's site</subfield>
      </datafield>
      <datafield tag="912" ind1=" " ind2=" ">
         <subfield code="a">Article</subfield>
      </datafield>
      <datafield tag="914" ind1=" " ind2=" ">
         <subfield code="a">Journal:jnl3870061</subfield>
         <subfield code="b">1610-7403</subfield>
         <subfield code="c">2</subfield>
         <subfield code="d">2</subfield>
         <subfield code="e">85</subfield>
      </datafield>
      <datafield tag="914" ind1=" " ind2=" ">
         <subfield code="f">Journal of forest research</subfield>
      </datafield>
      <datafield tag="916" ind1=" " ind2=" ">
         <subfield code="a">Batch:10097</subfield>
      </datafield>
      <datafield tag="917" ind1=" " ind2=" ">
         <subfield code="a">issued</subfield>
      </datafield>
      <datafield tag="918" ind1="2" ind2=" ">
         <subfield code="a">Taylor &amp; Francis Group</subfield>
         <subfield code="e">provider</subfield>
         <subfield code="5">DNAL</subfield>
      </datafield>
      <datafield tag="935" ind1=" " ind2=" ">
         <subfield code="a">IND606945091</subfield>
         <subfield code="9">ExL</subfield>
      </datafield>
      <datafield tag="949" ind1=" " ind2=" ">
         <subfield code="a">2021-04-19</subfield>
      </datafield>
      <datafield tag="953" ind1=" " ind2=" ">
         <subfield code="a">/data/metadata/incoming/taylorfrancis/tjfr20_tjfr20.v002.i02_20200416213814#20046483.zip</subfield>
      </datafield>
      <datafield tag="954" ind1=" " ind2=" ">
         <subfield code="a">file:/data/metadata/staging/taylorfrancis/BF02348474.xml</subfield>
      </datafield>
      <datafield tag="955" ind1=" " ind2=" ">
         <subfield code="a">/data/metadata/staging/taylorfrancis/</subfield>
      </datafield>
      <datafield tag="974" ind1=" " ind2=" ">
         <subfield code="a">agid:6945091</subfield>
      </datafield>
      <datafield tag="983" ind1=" " ind2=" ">
         <subfield code="a">2020-05-13</subfield>
      </datafield>
      <datafield tag="984" ind1=" " ind2=" ">
         <subfield code="a">2021-04-19</subfield>
      </datafield>
   </record>