
   <!--Record: 8-->
   <record>
      <leader>04008nab a2200721 u 4500</leader>
      <controlfield tag="001">9916291392207426</controlfield>
      <controlfield tag="005">20221118062513.0</controlfield>
      <controlfield tag="008">141101e20110228xx |||||o|||||||||||eng||</controlfield>
      <datafield tag="016" ind1="7" ind2=" ">
         <subfield code="a">IND600840224</subfield>
         <subfield code="2">DNAL</subfield>
      </datafield>
      <datafield tag="024" ind1="7" ind2=" ">
         <subfield code="a">10.1016/j.landurbplan.2010.11.001</subfield>
         <subfield code="2">doi</subfield>
      </datafield>
      <datafield tag="035" ind1=" " ind2=" ">
         <subfield code="a">agid:840224-01nal_inst</subfield>
      </datafield>
      <datafield tag="040" ind1=" " ind2=" ">
         <subfield code="a">AGL</subfield>
         <subfield code="b">eng</subfield>
         <subfield code="c">AGL</subfield>
      </datafield>
      <datafield tag="100" ind1="1" ind2=" ">
         <subfield code="a">Fernandes, Maria R.</subfield>
         <subfield code="e">author</subfield>
         <subfield code="u">Forest Research Centre, Instituto Superior de Agronomia, Tapada da Ajuda,
        1349-017 Lisbon, Portugal</subfield>
      </datafield>
      <datafield tag="245" ind1="1" ind2="0">
         <subfield code="a">Assessing riparian vegetation structure and the influence of land use using
        landscape metrics and geostatistical tools</subfield>
      </datafield>
      <datafield tag="300" ind1=" " ind2=" ">
         <subfield code="a">p. 166-177.</subfield>
      </datafield>
      <datafield tag="520" ind1=" " ind2=" ">
         <subfield code="a">Riparian areas are among the most threatened habitats in the world, due to
        human activities and land use in adjacent areas. In this study we sought to identify
        landscape metrics for describing the spatial patterns of riparian vegetation affected by
        land use. We also hypothesize that land use in the immediate vicinity of the riparian area
        (considered as a 30-m buffer) can have a greater effect on the structure of riparian
        vegetation than that in an enlarged buffer (i.e. 200m). The study was conducted in the
        highly humanized River Tagus watershed (Central Portugal; Western Iberia), along over 80km
        of river stretches. Riparian vegetation and land use data were obtained from high-resolution
        digital images (RGB-NIR 0.5m×0.5m, spring 2005). Patch analyst was used to calculate
        landscape metrics related to the spatial configuration, isolation, inter-connectivity, and
        distribution of patches of three riparian cover classes (tree, shrub, and herbaceous). We
        quantified and accounted for the global and local spatial autocorrelation of data. Data
        treatment included redundancy analysis and geostatistic methods. Results showed that only a
        combined interpretation of various landscape metrics can consistently describe the spatial
        patterns of riparian vegetation. Riparian vegetation near agricultural areas (irrigation
        crops, rice fields, orchards, and vineyards), presented a low number of much smaller
        riparian tree patches with less complex shapes, and a low interspersion of the patch
        distribution. We found that proximal land use affects the structure of riparian vegetation
        more than distal land use – an important consideration for the establishment of streamside
        protection buffers.</subfield>
      </datafield>
      <datafield tag="592" ind1=" " ind2=" ">
         <subfield code="a">Publisher supplied data</subfield>
      </datafield>
      <datafield tag="593" ind1=" " ind2=" ">
         <subfield code="a">PubAg article</subfield>
      </datafield>
      <datafield tag="650" ind1=" " ind2="3">
         <subfield code="a">autocorrelation</subfield>
      </datafield>
      <datafield tag="650" ind1=" " ind2="3">
         <subfield code="a">buffers</subfield>
      </datafield>
      <datafield tag="650" ind1=" " ind2="3">
         <subfield code="a">crops</subfield>
      </datafield>
      <datafield tag="650" ind1=" " ind2="3">
         <subfield code="a">digital images</subfield>
      </datafield>
      <datafield tag="650" ind1=" " ind2="3">
         <subfield code="a">geostatistics</subfield>
      </datafield>
      <datafield tag="650" ind1=" " ind2="3">
         <subfield code="a">habitats</subfield>
      </datafield>
      <datafield tag="650" ind1=" " ind2="3">
         <subfield code="a">humans</subfield>
      </datafield>
      <datafield tag="650" ind1=" " ind2="3">
         <subfield code="a">irrigation</subfield>
      </datafield>
      <datafield tag="650" ind1=" " ind2="3">
         <subfield code="a">land use</subfield>
      </datafield>
      <datafield tag="650" ind1=" " ind2="3">
         <subfield code="a">landscapes</subfield>
      </datafield>
      <datafield tag="650" ind1=" " ind2="3">
         <subfield code="a">orchards</subfield>
      </datafield>
      <datafield tag="650" ind1=" " ind2="3">
         <subfield code="a">paddies</subfield>
      </datafield>
      <datafield tag="650" ind1=" " ind2="3">
         <subfield code="a">riparian areas</subfield>
      </datafield>
      <datafield tag="650" ind1=" " ind2="3">
         <subfield code="a">rivers</subfield>
      </datafield>
      <datafield tag="650" ind1=" " ind2="3">
         <subfield code="a">shrubs</subfield>
      </datafield>
      <datafield tag="650" ind1=" " ind2="3">
         <subfield code="a">spring</subfield>
      </datafield>
      <datafield tag="650" ind1=" " ind2="3">
         <subfield code="a">trees</subfield>
      </datafield>
      <datafield tag="650" ind1=" " ind2="3">
         <subfield code="a">vegetation</subfield>
      </datafield>
      <datafield tag="650" ind1=" " ind2="3">
         <subfield code="a">vegetation structure</subfield>
      </datafield>
      <datafield tag="650" ind1=" " ind2="3">
         <subfield code="a">vineyards</subfield>
      </datafield>
      <datafield tag="650" ind1=" " ind2="3">
         <subfield code="a">watersheds</subfield>
      </datafield>
      <datafield tag="651" ind1=" " ind2="3">
         <subfield code="a">Iberian Peninsula</subfield>
      </datafield>
      <datafield tag="651" ind1=" " ind2="3">
         <subfield code="a">Portugal</subfield>
      </datafield>
      <datafield tag="700" ind1="1" ind2=" ">
         <subfield code="a">Aguiar, Francisca C.</subfield>
         <subfield code="e">author</subfield>
      </datafield>
      <datafield tag="700" ind1="1" ind2=" ">
         <subfield code="a">Ferreira, Maria T.</subfield>
         <subfield code="e">author</subfield>
      </datafield>
      <datafield tag="773" ind1="0" ind2=" ">
         <subfield code="t">Landscape and urban planning.</subfield>
         <subfield code="g">2011 Feb. 28, v. 99, no. 2 p.166-177</subfield>
         <subfield code="d">Elsevier B.V.</subfield>
         <subfield code="x">0169-2046</subfield>
         <subfield code="7">nnas</subfield>
      </datafield>
      <datafield tag="787" ind1="1" ind2=" ">
         <subfield code="o">islandora_article_repository</subfield>
      </datafield>
      <datafield tag="787" ind1="1" ind2=" ">
         <subfield code="o">product_pubag</subfield>
      </datafield>
      <datafield tag="787" ind1="1" ind2=" ">
         <subfield code="o">(Journal)12405</subfield>
      </datafield>
      <datafield tag="856" ind1="4" ind2="0">
         <subfield code="u">http://dx.doi.org/10.1016/j.landurbplan.2010.11.001</subfield>
         <subfield code="3">Available from publisher's site</subfield>
      </datafield>
      <datafield tag="912" ind1=" " ind2=" ">
         <subfield code="a">Article</subfield>
      </datafield>
      <datafield tag="914" ind1=" " ind2=" ">
         <subfield code="a">Journal:12405</subfield>
         <subfield code="b">0169-2046</subfield>
         <subfield code="c">99</subfield>
         <subfield code="d">2</subfield>
         <subfield code="e">166</subfield>
      </datafield>
      <datafield tag="914" ind1=" " ind2=" ">
         <subfield code="f">Landscape and urban planning</subfield>
      </datafield>
      <datafield tag="916" ind1=" " ind2=" ">
         <subfield code="a">Batch:1012</subfield>
      </datafield>
      <datafield tag="917" ind1=" " ind2=" ">
         <subfield code="a">issued</subfield>
      </datafield>
      <datafield tag="918" ind1="2" ind2=" ">
         <subfield code="a">Elsevier B.V.</subfield>
         <subfield code="e">provider</subfield>
         <subfield code="5">DNAL</subfield>
      </datafield>
      <datafield tag="935" ind1=" " ind2=" ">
         <subfield code="a">IND600840224</subfield>
         <subfield code="9">ExL</subfield>
      </datafield>
      <datafield tag="949" ind1=" " ind2=" ">
         <subfield code="a">2015-09-04</subfield>
      </datafield>
      <datafield tag="953" ind1=" " ind2=" ">
         <subfield code="a">NAL196100169204600990002.xml</subfield>
      </datafield>
      <datafield tag="962" ind1=" " ind2=" ">
         <subfield code="a">Batch:1012 reviewed on 2015-09-02T16:00:02Z</subfield>
      </datafield>
      <datafield tag="962" ind1=" " ind2=" ">
         <subfield code="a">Batch:1012 reviewed on 2015-09-04T11:00:03Z</subfield>
      </datafield>
      <datafield tag="962" ind1=" " ind2=" ">
         <subfield code="a">Batch:1012 reviewed on 2015-09-04T16:00:02Z</subfield>
      </datafield>
      <datafield tag="974" ind1=" " ind2=" ">
         <subfield code="a">agid:840224</subfield>
      </datafield>
      <datafield tag="983" ind1=" " ind2=" ">
         <subfield code="a">2014-11-01</subfield>
      </datafield>
      <datafield tag="984" ind1=" " ind2=" ">
         <subfield code="a">2015-09-04</subfield>
      </datafield>
   </record>