
   <!--Record: 21-->
   <record>
      <leader>04747nab a2200697 u 4500</leader>
      <controlfield tag="001">9916294677307426</controlfield>
      <controlfield tag="005">20221118085537.0</controlfield>
      <controlfield tag="008">190412e201610 xx |||||o|||||||||||eng||</controlfield>
      <datafield tag="016" ind1="7" ind2=" ">
         <subfield code="a">IND605248866</subfield>
         <subfield code="2">DNAL</subfield>
      </datafield>
      <datafield tag="024" ind1="7" ind2=" ">
         <subfield code="a">10.1016/j.ecolind.2016.04.018</subfield>
         <subfield code="2">doi</subfield>
      </datafield>
      <datafield tag="035" ind1=" " ind2=" ">
         <subfield code="a">agid:5248866-01nal_inst</subfield>
      </datafield>
      <datafield tag="040" ind1=" " ind2=" ">
         <subfield code="a">AGL</subfield>
         <subfield code="b">eng</subfield>
         <subfield code="c">AGL</subfield>
      </datafield>
      <datafield tag="100" ind1="1" ind2=" ">
         <subfield code="a">Dantas de Paula, Mateus</subfield>
         <subfield code="e">author</subfield>
         <subfield code="u">Helmoltz Center for Environmental Research UFZ Leipzig, Department of
        Ecological Modelling, Permoserstr. 15, 04318 Leipzig, Germany</subfield>
      </datafield>
      <datafield tag="245" ind1="1" ind2="4">
         <subfield code="a">The extent of edge effects in fragmented landscapes: Insights from
        satellite measurements of tree cover</subfield>
      </datafield>
      <datafield tag="300" ind1=" " ind2=" ">
         <subfield code="a">p. 196-204.</subfield>
      </datafield>
      <datafield tag="520" ind1=" " ind2=" ">
         <subfield code="a">Due to deforestation, intact tropical forest areas are increasingly
        transformed into a mixture of remaining forest patches and human modified areas. These
        forest fragments suffer from edge effects, which cause changes in ecological and ecosystem
        processes, undermining habitat quality and the offer of ecosystem services. Even though
        detailed and long term studies were developed on the topic of edge effects at local scale,
        understanding edge effect characteristics in fragmented forests on larger scales and finding
        indicators for its impact is crucial for predicting habitat loss and developing management
        options. Here we evaluate the spatial and temporal dimensions of edge effects in large areas
        using remote sensing. First we executed a neighborhood pixel analysis in 11 LANDSAT Tree
        Cover (LTC) scenes (180×185km each, 8 in the tropics and 3 in temperate forested areas)
        using tree cover as an indicator of habitat quality and in relation to edge distance.
        Second, we executed a temporal analysis of LTC in a smaller area in the Brazilian Amazon
        forest where one larger forest fragment (25,890ha) became completely fragmented in 5years.
        Our results show that for all 11 scenes pixel neighborhood variation of LTC is much higher
        in the vicinity of forest edges, becoming lower towards the forest interior. This analysis
        suggests a maximum distance for edge effects and can indicate the location of unaffected
        core areas. However, LTC patterns in relation to fragment edge distance vary according to
        the analyzed region, and maximum edge distance may differ according to local conditions. Our
        temporal analysis illustrates the change in tree cover patterns after 5years of
        fragmentation, becoming on average lower close to the edge (between 50 and 100m). Although
        it is still unclear which are the main causes of LTC edge variability within and between
        regions, LANDSAT Tree Cover could be used as an accessible and efficient discriminator of
        edge and interior forest habitats in fragmented landscapes, and become invaluable for
        deriving qualitative spatial and temporal information of ecological and ecosystem
        processes.</subfield>
      </datafield>
      <datafield tag="592" ind1=" " ind2=" ">
         <subfield code="a">Publisher supplied data</subfield>
      </datafield>
      <datafield tag="593" ind1=" " ind2=" ">
         <subfield code="a">PubAg article</subfield>
      </datafield>
      <datafield tag="650" ind1=" " ind2="3">
         <subfield code="a">Landsat</subfield>
      </datafield>
      <datafield tag="650" ind1=" " ind2="3">
         <subfield code="a">deforestation</subfield>
      </datafield>
      <datafield tag="650" ind1=" " ind2="3">
         <subfield code="a">ecosystem services</subfield>
      </datafield>
      <datafield tag="650" ind1=" " ind2="3">
         <subfield code="a">ecosystems</subfield>
      </datafield>
      <datafield tag="650" ind1=" " ind2="3">
         <subfield code="a">edge effects</subfield>
      </datafield>
      <datafield tag="650" ind1=" " ind2="3">
         <subfield code="a">forest habitats</subfield>
      </datafield>
      <datafield tag="650" ind1=" " ind2="3">
         <subfield code="a">habitat destruction</subfield>
      </datafield>
      <datafield tag="650" ind1=" " ind2="3">
         <subfield code="a">habitat fragmentation</subfield>
      </datafield>
      <datafield tag="650" ind1=" " ind2="3">
         <subfield code="a">humans</subfield>
      </datafield>
      <datafield tag="650" ind1=" " ind2="3">
         <subfield code="a">landscapes</subfield>
      </datafield>
      <datafield tag="650" ind1=" " ind2="3">
         <subfield code="a">prediction</subfield>
      </datafield>
      <datafield tag="650" ind1=" " ind2="3">
         <subfield code="a">remote sensing</subfield>
      </datafield>
      <datafield tag="650" ind1=" " ind2="3">
         <subfield code="a">tree and stand measurements</subfield>
      </datafield>
      <datafield tag="650" ind1=" " ind2="3">
         <subfield code="a">trees</subfield>
      </datafield>
      <datafield tag="650" ind1=" " ind2="3">
         <subfield code="a">tropical forests</subfield>
      </datafield>
      <datafield tag="650" ind1=" " ind2="3">
         <subfield code="a">tropics</subfield>
      </datafield>
      <datafield tag="651" ind1=" " ind2="3">
         <subfield code="a">Amazonia</subfield>
      </datafield>
      <datafield tag="651" ind1=" " ind2="3">
         <subfield code="a">Brazil</subfield>
      </datafield>
      <datafield tag="653" ind1=" " ind2="0">
         <subfield code="a">Edge effects</subfield>
      </datafield>
      <datafield tag="653" ind1=" " ind2="0">
         <subfield code="a">Remote sensing</subfield>
      </datafield>
      <datafield tag="653" ind1=" " ind2="0">
         <subfield code="a">LANDSAT Tree Cover</subfield>
      </datafield>
      <datafield tag="653" ind1=" " ind2="0">
         <subfield code="a">Fragmented forests</subfield>
      </datafield>
      <datafield tag="700" ind1="1" ind2=" ">
         <subfield code="a">Groeneveld, Jürgen</subfield>
         <subfield code="e">author</subfield>
         <subfield code="u">Helmoltz Center for Environmental Research UFZ Leipzig, Department of
        Ecological Modelling, Permoserstr. 15, 04318 Leipzig, Germany</subfield>
      </datafield>
      <datafield tag="700" ind1="1" ind2=" ">
         <subfield code="a">Huth, Andreas</subfield>
         <subfield code="e">author</subfield>
         <subfield code="u">Helmoltz Center for Environmental Research UFZ Leipzig, Department of
        Ecological Modelling, Permoserstr. 15, 04318 Leipzig, Germany</subfield>
      </datafield>
      <datafield tag="773" ind1="0" ind2=" ">
         <subfield code="t">Ecological indicators.</subfield>
         <subfield code="g">2016 Oct., v. 69 p.196-204</subfield>
         <subfield code="d">Elsevier Ltd</subfield>
         <subfield code="w">Journal:6196</subfield>
         <subfield code="x">1470-160X</subfield>
         <subfield code="7">nnas</subfield>
      </datafield>
      <datafield tag="787" ind1="1" ind2=" ">
         <subfield code="o">islandora_article_repository</subfield>
      </datafield>
      <datafield tag="787" ind1="1" ind2=" ">
         <subfield code="o">product_pubag</subfield>
      </datafield>
      <datafield tag="787" ind1="1" ind2=" ">
         <subfield code="o">(Journal)6196</subfield>
      </datafield>
      <datafield tag="856" ind1="4" ind2="0">
         <subfield code="u">https://dx.doi.org/10.1016/j.ecolind.2016.04.018</subfield>
         <subfield code="3">Available from publisher's site</subfield>
      </datafield>
      <datafield tag="912" ind1=" " ind2=" ">
         <subfield code="a">Article</subfield>
      </datafield>
      <datafield tag="914" ind1=" " ind2=" ">
         <subfield code="a">Journal:6196</subfield>
         <subfield code="b">1470-160X</subfield>
         <subfield code="c">69</subfield>
         <subfield code="e">196</subfield>
      </datafield>
      <datafield tag="914" ind1=" " ind2=" ">
         <subfield code="f">Ecological indicators</subfield>
      </datafield>
      <datafield tag="916" ind1=" " ind2=" ">
         <subfield code="a">Batch:1393</subfield>
      </datafield>
      <datafield tag="917" ind1=" " ind2=" ">
         <subfield code="a">issued</subfield>
      </datafield>
      <datafield tag="918" ind1="2" ind2=" ">
         <subfield code="a">Elsevier Consyn</subfield>
         <subfield code="e">provider</subfield>
         <subfield code="5">DNAL</subfield>
      </datafield>
      <datafield tag="935" ind1=" " ind2=" ">
         <subfield code="a">IND605248866</subfield>
         <subfield code="9">ExL</subfield>
      </datafield>
      <datafield tag="949" ind1=" " ind2=" ">
         <subfield code="a">2019-04-12</subfield>
      </datafield>
      <datafield tag="953" ind1=" " ind2=" ">
         <subfield code="a">/data/metadata/incoming/consyn-backfiles/46-2-00099-HEAD-ONLY.zip</subfield>
      </datafield>
      <datafield tag="954" ind1=" " ind2=" ">
         <subfield code="a">file:/data/metadata/staging/consyn-backfiles/S1470160X16301923.xml</subfield>
      </datafield>
      <datafield tag="955" ind1=" " ind2=" ">
         <subfield code="a">/data/metadata/staging/consyn-backfiles/</subfield>
      </datafield>
      <datafield tag="974" ind1=" " ind2=" ">
         <subfield code="a">agid:5248866</subfield>
      </datafield>
      <datafield tag="983" ind1=" " ind2=" ">
         <subfield code="a">2019-04-12</subfield>
      </datafield>
      <datafield tag="984" ind1=" " ind2=" ">
         <subfield code="a">2019-04-12</subfield>
      </datafield>
   </record>