
   <!--Record: 23-->
   <record>
      <leader>04667nab a2200601 u 4500</leader>
      <controlfield tag="001">9916295558607426</controlfield>
      <controlfield tag="005">20221118103100.0</controlfield>
      <controlfield tag="008">180619e201802 xx |||||o|||||||||||eng||</controlfield>
      <datafield tag="016" ind1="7" ind2=" ">
         <subfield code="a">IND605951161</subfield>
         <subfield code="2">DNAL</subfield>
      </datafield>
      <datafield tag="024" ind1="7" ind2=" ">
         <subfield code="a">10.1007/s10342-017-1084-x</subfield>
         <subfield code="2">doi</subfield>
      </datafield>
      <datafield tag="035" ind1=" " ind2=" ">
         <subfield code="a">agid:5951161-01nal_inst</subfield>
      </datafield>
      <datafield tag="040" ind1=" " ind2=" ">
         <subfield code="a">AGL</subfield>
         <subfield code="b">eng</subfield>
         <subfield code="c">AGL</subfield>
      </datafield>
      <datafield tag="100" ind1="1" ind2=" ">
         <subfield code="a">Szmyt, Janusz</subfield>
         <subfield code="e">author</subfield>
         <subfield code="u">Department of Silviculture, Faculty of Forestry, Poznan University of Life
        Sciences, Wojska Polskiego 69, 60-625, Poznan, Poland. jszmyt@up.poznan.pl</subfield>
         <subfield code="1">http://orcid.org/0000-0002-1185-6993</subfield>
      </datafield>
      <datafield tag="245" ind1="1" ind2="0">
         <subfield code="a">Species-specific spatial structure, species coexistence and mortality
        pattern in natural, uneven-aged Scots pine (Pinus sylvestris L.)-dominated forest</subfield>
      </datafield>
      <datafield tag="300" ind1=" " ind2=" ">
         <subfield code="a">p. 1-16.</subfield>
      </datafield>
      <datafield tag="520" ind1=" " ind2=" ">
         <subfield code="a">Complexity of uneven-aged forests results from the heterogeneity of their
        structure reflected among others by the spatial pattern of their components. Forest
        structure is usually modified by various processes operating at different scales and time.
        Structure and processes are not independent, and both are important drivers of forest
        dynamics. The impact of natural processes on forest structure manifested in the specific
        spatial pattern of trees can be quantified by point pattern analysis applied to long-term
        repeatedly measured stem-mapped plots. Such studies are relatively scarce in the literature
        although they provide better insight into the mechanisms affecting forest dynamics. Our
        study is focused on the spatiotemporal analysis of the structure of mixed uneven-aged Scots
        pine-dominated forest located at the Kampinoski National Park (Poland). Univariate analysis
        showed that the initial pattern of all live trees was initially random and it shifted toward
        more uniform with forest aging. Spatial patterns of individual tree species varied from that
        stated for all forest community. We observed changes in spatial pattern of Scots pine and
        common oak from random toward more clumped (pine) or uniform (oak) pattern. In case of black
        alder and common birch, the initial aggregated pattern was maintained over the examined
        14-year period of the forest succession. Bivariate analysis showed that the most common
        interspecific association between pairs of tree species was spatial segregation (pine vs.
        alder, alder vs. birch and oak vs. birch) followed by spatial independence (pine vs. oak and
        oak vs. alder). The positive association was stated only for pine and birch and only for
        certain spatial scales (&gt; 5 m). Simultaneously, at small distances they showed reciprocal
        repulsion. Changes in spatial relationships between tree species were negligible over
        14-year period of forest succession. Our results confirmed the density-dependent mortality
        process in the uneven-aged Scots pine-dominated forest over 14-year period of forest
        development. Our study showed that spatial interactions between individuals along with
        species-specific ecological requirements should be incorporated into realistic models of
        forest development, helping to manage the forest ecosystems toward their greater structural
        complexity.</subfield>
      </datafield>
      <datafield tag="592" ind1=" " ind2=" ">
         <subfield code="a">Publisher supplied data</subfield>
      </datafield>
      <datafield tag="593" ind1=" " ind2=" ">
         <subfield code="a">PubAg article</subfield>
      </datafield>
      <datafield tag="650" ind1=" " ind2="3">
         <subfield code="a">Alnus glutinosa</subfield>
      </datafield>
      <datafield tag="650" ind1=" " ind2="3">
         <subfield code="a">Betula</subfield>
      </datafield>
      <datafield tag="650" ind1=" " ind2="3">
         <subfield code="a">Pinus sylvestris</subfield>
      </datafield>
      <datafield tag="650" ind1=" " ind2="3">
         <subfield code="a">Quercus</subfield>
      </datafield>
      <datafield tag="650" ind1=" " ind2="3">
         <subfield code="a">bivariate analysis</subfield>
      </datafield>
      <datafield tag="650" ind1=" " ind2="3">
         <subfield code="a">forest dynamics</subfield>
      </datafield>
      <datafield tag="650" ind1=" " ind2="3">
         <subfield code="a">forest ecosystems</subfield>
      </datafield>
      <datafield tag="650" ind1=" " ind2="3">
         <subfield code="a">forest succession</subfield>
      </datafield>
      <datafield tag="650" ind1=" " ind2="3">
         <subfield code="a">forests</subfield>
      </datafield>
      <datafield tag="650" ind1=" " ind2="3">
         <subfield code="a">models</subfield>
      </datafield>
      <datafield tag="650" ind1=" " ind2="3">
         <subfield code="a">mortality</subfield>
      </datafield>
      <datafield tag="650" ind1=" " ind2="3">
         <subfield code="a">national parks</subfield>
      </datafield>
      <datafield tag="650" ind1=" " ind2="3">
         <subfield code="a">trees</subfield>
      </datafield>
      <datafield tag="651" ind1=" " ind2="3">
         <subfield code="a">Poland</subfield>
      </datafield>
      <datafield tag="700" ind1="1" ind2=" ">
         <subfield code="a">Tarasiuk, Stefan</subfield>
         <subfield code="e">author</subfield>
         <subfield code="u">Department of Silviculture, Warsaw University of Life Sciences-SGGW,
        Nowoursynowska 159, 02-776, Warsaw, Poland</subfield>
      </datafield>
      <datafield tag="773" ind1="0" ind2=" ">
         <subfield code="t">European journal of forest research.</subfield>
         <subfield code="g">2018 Feb., v. 137, no. 1 p.1-16</subfield>
         <subfield code="d">Springer Berlin Heidelberg</subfield>
         <subfield code="w">Journal:jnl3870054</subfield>
         <subfield code="x">1612-4669</subfield>
         <subfield code="7">nnas</subfield>
      </datafield>
      <datafield tag="787" ind1="1" ind2=" ">
         <subfield code="o">islandora_article_repository</subfield>
      </datafield>
      <datafield tag="787" ind1="1" ind2=" ">
         <subfield code="o">product_pubag</subfield>
      </datafield>
      <datafield tag="787" ind1="1" ind2=" ">
         <subfield code="o">(Journal)jnl3870054</subfield>
      </datafield>
      <datafield tag="856" ind1="4" ind2="0">
         <subfield code="u">https://dx.doi.org/10.1007/s10342-017-1084-x</subfield>
         <subfield code="3">Available from publisher's site</subfield>
      </datafield>
      <datafield tag="912" ind1=" " ind2=" ">
         <subfield code="a">Article</subfield>
      </datafield>
      <datafield tag="914" ind1=" " ind2=" ">
         <subfield code="a">Journal:jnl3870054</subfield>
         <subfield code="b">1612-4669</subfield>
         <subfield code="c">137</subfield>
         <subfield code="d">1</subfield>
         <subfield code="e">1</subfield>
      </datafield>
      <datafield tag="914" ind1=" " ind2=" ">
         <subfield code="f">European journal of forest research</subfield>
      </datafield>
      <datafield tag="916" ind1=" " ind2=" ">
         <subfield code="a">Batch:1995</subfield>
      </datafield>
      <datafield tag="917" ind1=" " ind2=" ">
         <subfield code="a">issued</subfield>
      </datafield>
      <datafield tag="918" ind1="2" ind2=" ">
         <subfield code="a">Springer</subfield>
         <subfield code="e">provider</subfield>
         <subfield code="5">DNAL</subfield>
      </datafield>
      <datafield tag="935" ind1=" " ind2=" ">
         <subfield code="a">IND605951161</subfield>
         <subfield code="9">ExL</subfield>
      </datafield>
      <datafield tag="949" ind1=" " ind2=" ">
         <subfield code="a">2018-09-25</subfield>
      </datafield>
      <datafield tag="953" ind1=" " ind2=" ">
         <subfield code="a">/data/metadata/incoming/springer/ftp_PUB_18-05-27_05-44-20.zip</subfield>
      </datafield>
      <datafield tag="954" ind1=" " ind2=" ">
         <subfield code="a">file:/data/metadata/staging/springer/10342-137-1.xml</subfield>
      </datafield>
      <datafield tag="955" ind1=" " ind2=" ">
         <subfield code="a">/data/metadata/staging/springer/</subfield>
      </datafield>
      <datafield tag="962" ind1=" " ind2=" ">
         <subfield code="a">Batch:1995 reviewed on 2018-09-25T13:00:03Z</subfield>
      </datafield>
      <datafield tag="974" ind1=" " ind2=" ">
         <subfield code="a">agid:5951161</subfield>
      </datafield>
      <datafield tag="983" ind1=" " ind2=" ">
         <subfield code="a">2018-06-19</subfield>
      </datafield>
      <datafield tag="984" ind1=" " ind2=" ">
         <subfield code="a">2018-09-25</subfield>
      </datafield>
   </record>