
   <!--Record: 30-->
   <record>
      <leader>04714nab a2200709 u 4500</leader>
      <controlfield tag="001">9916296788907426</controlfield>
      <controlfield tag="005">20221118114731.0</controlfield>
      <controlfield tag="008">190812e20191003xx |||||o|||||||||||eng||</controlfield>
      <datafield tag="016" ind1="7" ind2=" ">
         <subfield code="a">IND606562526</subfield>
         <subfield code="2">DNAL</subfield>
      </datafield>
      <datafield tag="024" ind1="7" ind2=" ">
         <subfield code="a">10.1080/15481603.2019.1600110</subfield>
         <subfield code="2">doi</subfield>
      </datafield>
      <datafield tag="035" ind1=" " ind2=" ">
         <subfield code="a">agid:6562526-01nal_inst</subfield>
      </datafield>
      <datafield tag="040" ind1=" " ind2=" ">
         <subfield code="a">AGL</subfield>
         <subfield code="b">eng</subfield>
         <subfield code="c">AGL</subfield>
      </datafield>
      <datafield tag="100" ind1="1" ind2=" ">
         <subfield code="a">Cao, Shisong</subfield>
         <subfield code="e">author</subfield>
         <subfield code="u">College of Resource Environment and Tourism, Capital Normal University,
        Beijing, China</subfield>
      </datafield>
      <datafield tag="245" ind1="1" ind2="0">
         <subfield code="a">Monitoring changes in the impervious surfaces of urban functional zones
        using multisource remote sensing data: a case study of Tianjin, China</subfield>
      </datafield>
      <datafield tag="300" ind1=" " ind2=" ">
         <subfield code="a">p. 967-987.</subfield>
      </datafield>
      <datafield tag="520" ind1=" " ind2=" ">
         <subfield code="a">Previous research on urban impervious surface monitoring has ignored the
        differences, spatial patterns, and driving factors of impervious surfaces among the various
        functional zones in cities. In this paper, we extracted the impervious surface coverage of
        Tianjin in 1990, 1995, 2000, 2005, 2010, and 2015 based on the Classification and Regression
        Tree model. Then, using the methods of quantitative geography, we systematically analyzed
        the spatiotemporal variations of impervious surface coverage among the functional zones in
        Tianjin from 1990 to 2015. Additionally, the driving mechanisms of impervious surface
        growths among different functional zones were investigated. The results showed that (1) the
        growth of impervious surfaces shows two spatially separate core areas of growth. The core
        functional zone (CFZ) had the highest impervious surface coverage, and the ecological
        conservation zone (ECZ) had the lowest impervious surface coverage. (2) High-high
        aggregation regions of impervious surface coverage were mainly located in CFZ, while low-low
        aggregation regions of impervious surface coverage area were mainly located in ECZ. (3)
        Influences of social-economic factors on area growths of impervious surface are stronger in
        urban function expanded zone, coastal city key development zone, Beijing–Tianjin coordinated
        development zone, and urban-rural coordinated development zone than those in CFZ. Our
        results can provide a point of reference for decision-making regarding urban planning
        management.</subfield>
      </datafield>
      <datafield tag="536" ind1=" " ind2=" ">
         <subfield code="a">This research is supported by the National Natural Science Foundation of
        China (Parameterizing urban surface radiation and energy budget based on three-dimension
        modelling and sky view factor), [41671339].</subfield>
      </datafield>
      <datafield tag="592" ind1=" " ind2=" ">
         <subfield code="a">Publisher supplied data</subfield>
      </datafield>
      <datafield tag="593" ind1=" " ind2=" ">
         <subfield code="a">PubAg article</subfield>
      </datafield>
      <datafield tag="596" ind1=" " ind2=" ">
         <subfield code="a">41671339</subfield>
         <subfield code="c">National Natural Science Foundation of China</subfield>
         <subfield code="d">https://doi.org/10.13039/501100001809</subfield>
      </datafield>
      <datafield tag="650" ind1=" " ind2="3">
         <subfield code="a">case studies</subfield>
      </datafield>
      <datafield tag="650" ind1=" " ind2="3">
         <subfield code="a">cities</subfield>
      </datafield>
      <datafield tag="650" ind1=" " ind2="3">
         <subfield code="a">decision making</subfield>
      </datafield>
      <datafield tag="650" ind1=" " ind2="3">
         <subfield code="a">geography</subfield>
      </datafield>
      <datafield tag="650" ind1=" " ind2="3">
         <subfield code="a">models</subfield>
      </datafield>
      <datafield tag="650" ind1=" " ind2="3">
         <subfield code="a">monitoring</subfield>
      </datafield>
      <datafield tag="650" ind1=" " ind2="3">
         <subfield code="a">regression analysis</subfield>
      </datafield>
      <datafield tag="650" ind1=" " ind2="3">
         <subfield code="a">remote sensing</subfield>
      </datafield>
      <datafield tag="650" ind1=" " ind2="3">
         <subfield code="a">spatial data</subfield>
      </datafield>
      <datafield tag="650" ind1=" " ind2="3">
         <subfield code="a">spatial variation</subfield>
      </datafield>
      <datafield tag="650" ind1=" " ind2="3">
         <subfield code="a">temporal variation</subfield>
      </datafield>
      <datafield tag="650" ind1=" " ind2="3">
         <subfield code="a">urban planning</subfield>
      </datafield>
      <datafield tag="651" ind1=" " ind2="3">
         <subfield code="a">China</subfield>
      </datafield>
      <datafield tag="653" ind1=" " ind2="0">
         <subfield code="a">impervious surface coverage</subfield>
      </datafield>
      <datafield tag="653" ind1=" " ind2="0">
         <subfield code="a">urban functional zone</subfield>
      </datafield>
      <datafield tag="653" ind1=" " ind2="0">
         <subfield code="a">Classification and Regression Tree (CART)</subfield>
      </datafield>
      <datafield tag="653" ind1=" " ind2="0">
         <subfield code="a">driving analysis</subfield>
      </datafield>
      <datafield tag="700" ind1="1" ind2=" ">
         <subfield code="a">Hu, Deyong</subfield>
         <subfield code="e">author</subfield>
         <subfield code="u">College of Resource Environment and Tourism, Capital Normal University,
        Beijing, China</subfield>
      </datafield>
      <datafield tag="700" ind1="1" ind2=" ">
         <subfield code="a">Zhao, Wenji</subfield>
         <subfield code="e">author</subfield>
         <subfield code="u">College of Resource Environment and Tourism, Capital Normal University,
        Beijing, China</subfield>
      </datafield>
      <datafield tag="700" ind1="1" ind2=" ">
         <subfield code="a">Mo, You</subfield>
         <subfield code="e">author</subfield>
         <subfield code="u">College of Resource Environment and Tourism, Capital Normal University,
        Beijing, China</subfield>
      </datafield>
      <datafield tag="700" ind1="1" ind2=" ">
         <subfield code="a">Yu, Chen</subfield>
         <subfield code="e">author</subfield>
         <subfield code="u">College of Resource Environment and Tourism, Capital Normal University,
        Beijing, China</subfield>
      </datafield>
      <datafield tag="700" ind1="1" ind2=" ">
         <subfield code="a">Zhang, Yang</subfield>
         <subfield code="e">author</subfield>
         <subfield code="u">College of Resource Environment and Tourism, Capital Normal University,
        Beijing, China</subfield>
      </datafield>
      <datafield tag="773" ind1="0" ind2=" ">
         <subfield code="t">GIScience &amp; remote sensing.</subfield>
         <subfield code="g">2019 Oct. 3, v. 56, no. 7 p.967-987</subfield>
         <subfield code="d">Taylor &amp; Francis</subfield>
         <subfield code="w">Journal:19689</subfield>
         <subfield code="x">1943-7226</subfield>
         <subfield code="7">nnas</subfield>
      </datafield>
      <datafield tag="787" ind1="1" ind2=" ">
         <subfield code="o">islandora_article_repository</subfield>
      </datafield>
      <datafield tag="787" ind1="1" ind2=" ">
         <subfield code="o">product_pubag</subfield>
      </datafield>
      <datafield tag="787" ind1="1" ind2=" ">
         <subfield code="o">(Journal)19689</subfield>
      </datafield>
      <datafield tag="856" ind1="4" ind2="0">
         <subfield code="u">http://dx.doi.org/10.1080/15481603.2019.1600110</subfield>
         <subfield code="3">Available from publisher's site</subfield>
      </datafield>
      <datafield tag="912" ind1=" " ind2=" ">
         <subfield code="a">Article</subfield>
      </datafield>
      <datafield tag="914" ind1=" " ind2=" ">
         <subfield code="a">Journal:19689</subfield>
         <subfield code="b">1943-7226</subfield>
         <subfield code="c">56</subfield>
         <subfield code="d">7</subfield>
         <subfield code="e">967</subfield>
      </datafield>
      <datafield tag="914" ind1=" " ind2=" ">
         <subfield code="f">GIScience &amp; remote sensing</subfield>
      </datafield>
      <datafield tag="916" ind1=" " ind2=" ">
         <subfield code="a">Batch:2323</subfield>
      </datafield>
      <datafield tag="917" ind1=" " ind2=" ">
         <subfield code="a">issued</subfield>
      </datafield>
      <datafield tag="918" ind1="2" ind2=" ">
         <subfield code="a">Taylor &amp; Francis Group</subfield>
         <subfield code="e">provider</subfield>
         <subfield code="5">DNAL</subfield>
      </datafield>
      <datafield tag="935" ind1=" " ind2=" ">
         <subfield code="a">IND606562526</subfield>
         <subfield code="9">ExL</subfield>
      </datafield>
      <datafield tag="949" ind1=" " ind2=" ">
         <subfield code="a">2019-10-15</subfield>
      </datafield>
      <datafield tag="953" ind1=" " ind2=" ">
         <subfield code="a">/data/metadata/incoming/taylorfrancis/tgrs20_tgrs20.v056.i07_20190809052535#17951299.zip</subfield>
      </datafield>
      <datafield tag="954" ind1=" " ind2=" ">
         <subfield code="a">file:/data/metadata/staging/taylorfrancis/15481603.2019.1600110.xml</subfield>
      </datafield>
      <datafield tag="955" ind1=" " ind2=" ">
         <subfield code="a">/data/metadata/staging/taylorfrancis/</subfield>
      </datafield>
      <datafield tag="962" ind1=" " ind2=" ">
         <subfield code="a">Batch:2323 reviewed on 2019-10-15T11:00:03Z</subfield>
      </datafield>
      <datafield tag="974" ind1=" " ind2=" ">
         <subfield code="a">agid:6562526</subfield>
      </datafield>
      <datafield tag="983" ind1=" " ind2=" ">
         <subfield code="a">2019-08-12</subfield>
      </datafield>
      <datafield tag="984" ind1=" " ind2=" ">
         <subfield code="a">2019-10-15</subfield>
      </datafield>
   </record>