
   <!--Record: 31-->
   <record>
      <leader>04840nab a2200685 u 4500</leader>
      <controlfield tag="001">9916296808907426</controlfield>
      <controlfield tag="005">20221118115046.0</controlfield>
      <controlfield tag="008">191025e20180519xx |||||o|||||||||||eng||</controlfield>
      <datafield tag="016" ind1="7" ind2=" ">
         <subfield code="a">IND606743474</subfield>
         <subfield code="2">DNAL</subfield>
      </datafield>
      <datafield tag="024" ind1="7" ind2=" ">
         <subfield code="a">10.1093/treephys/tpy057</subfield>
         <subfield code="2">doi</subfield>
      </datafield>
      <datafield tag="035" ind1=" " ind2=" ">
         <subfield code="a">agid:6743474-01nal_inst</subfield>
      </datafield>
      <datafield tag="040" ind1=" " ind2=" ">
         <subfield code="a">AGL</subfield>
         <subfield code="b">eng</subfield>
         <subfield code="c">AGL</subfield>
      </datafield>
      <datafield tag="100" ind1="1" ind2=" ">
         <subfield code="a">Arbellay, Estelle</subfield>
         <subfield code="e">author</subfield>
         <subfield code="u">Tree-Ring Lab, Department of Forest and Conservation Sciences, University
        of British Columbia, 3041-2424 Main Mall, Vancouver, BC, Canada</subfield>
      </datafield>
      <datafield tag="245" ind1="1" ind2="0">
         <subfield code="a">Tree-ring proxies of larch bud moth defoliation: latewood width and blue
        intensity are more precise than tree-ring width</subfield>
      </datafield>
      <datafield tag="300" ind1=" " ind2=" ">
         <subfield code="a">p. 1237-1245.</subfield>
      </datafield>
      <datafield tag="520" ind1=" " ind2=" ">
         <subfield code="a">Reconstructions of defoliation by larch bud moth (LBM, Zeiraphera diniana
        Gn.) based on European larch (Larix decidua Mill.) tree rings have unraveled outbreak
        patterns over exceptional temporal and spatial scales. In this study, we conducted tree-ring
        analyses on 105 increment cores of European larch from the Valais Alps, Switzerland. The
        well-documented history of LBM outbreaks in Valais provided a solid baseline for evaluating
        the LBM defoliation signal in multiple tree-ring parameters. First, we used tree-ring width
        measurements along with regional records of LBM outbreaks to reconstruct the occurrence of
        these events at two sites within the Swiss Alps. Second, we measured earlywood width,
        latewood width and blue intensity, and compared these parameters with tree-ring width to
        assess the capacity of each proxy to detect LBM defoliation. A total of six LBM outbreaks
        were reconstructed for the two sites between AD 1850 and 2000. Growth suppression induced by
        LBM was, on average, highest in latewood width (59%), followed by total ring width (54%),
        earlywood width (51%) and blue intensity (26%). We show that latewood width and blue
        intensity can improve the temporal accuracy of LBM outbreak reconstructions, as both proxies
        systematically detected LBM defoliation in the first year it occurred, as well as the
        differentiation between defoliation and non-defoliation years. This study introduces blue
        intensity as a promising new proxy of insect defoliation and encourages its use in
        conjunction with latewood width.</subfield>
      </datafield>
      <datafield tag="592" ind1=" " ind2=" ">
         <subfield code="a">Publisher supplied data</subfield>
      </datafield>
      <datafield tag="593" ind1=" " ind2=" ">
         <subfield code="a">PubAg article</subfield>
      </datafield>
      <datafield tag="596" ind1=" " ind2=" ">
         <subfield code="a">PBBEP2-146100</subfield>
         <subfield code="a">P300P3-158433</subfield>
         <subfield code="c">Swiss National Science Foundation</subfield>
      </datafield>
      <datafield tag="596" ind1=" " ind2=" ">
         <subfield code="c">Basler Stiftung für biologische Forschung</subfield>
      </datafield>
      <datafield tag="596" ind1=" " ind2=" ">
         <subfield code="a">NSERC RGPIN-2014-06387</subfield>
         <subfield code="c">Natural Sciences and Engineering Research Council of Canada</subfield>
         <subfield code="d">https://doi.org/10.13039/501100000038</subfield>
      </datafield>
      <datafield tag="650" ind1=" " ind2="3">
         <subfield code="a">Larix decidua</subfield>
      </datafield>
      <datafield tag="650" ind1=" " ind2="3">
         <subfield code="a">Zeiraphera diniana</subfield>
      </datafield>
      <datafield tag="650" ind1=" " ind2="3">
         <subfield code="a">defoliation</subfield>
      </datafield>
      <datafield tag="650" ind1=" " ind2="3">
         <subfield code="a">dendroclimatology</subfield>
      </datafield>
      <datafield tag="650" ind1=" " ind2="3">
         <subfield code="a">earlywood</subfield>
      </datafield>
      <datafield tag="650" ind1=" " ind2="3">
         <subfield code="a">latewood</subfield>
      </datafield>
      <datafield tag="650" ind1=" " ind2="3">
         <subfield code="a">moths</subfield>
      </datafield>
      <datafield tag="650" ind1=" " ind2="3">
         <subfield code="a">phytophagous insects</subfield>
      </datafield>
      <datafield tag="650" ind1=" " ind2="3">
         <subfield code="a">tree physiology</subfield>
      </datafield>
      <datafield tag="651" ind1=" " ind2="3">
         <subfield code="a">Alps region</subfield>
      </datafield>
      <datafield tag="651" ind1=" " ind2="3">
         <subfield code="a">Switzerland</subfield>
      </datafield>
      <datafield tag="653" ind1=" " ind2="0">
         <subfield code="a">blue intensity</subfield>
      </datafield>
      <datafield tag="653" ind1=" " ind2="0">
         <subfield code="a">insect defoliation</subfield>
      </datafield>
      <datafield tag="653" ind1=" " ind2="0">
         <subfield code="a">insect outbreak</subfield>
      </datafield>
      <datafield tag="700" ind1="1" ind2=" ">
         <subfield code="a">Jarvis, Ingrid</subfield>
         <subfield code="e">author</subfield>
         <subfield code="u">Tree-Ring Lab, Department of Forest and Conservation Sciences, University
        of British Columbia, 3041-2424 Main Mall, Vancouver, BC, Canada</subfield>
      </datafield>
      <datafield tag="700" ind1="1" ind2=" ">
         <subfield code="a">Chavardès, Raphaël D</subfield>
         <subfield code="e">author</subfield>
         <subfield code="u">Tree-Ring Lab, Department of Forest and Conservation Sciences, University
        of British Columbia, 3041-2424 Main Mall, Vancouver, BC, Canada</subfield>
      </datafield>
      <datafield tag="700" ind1="1" ind2=" ">
         <subfield code="a">Daniels, Lori D</subfield>
         <subfield code="e">author</subfield>
         <subfield code="u">Tree-Ring Lab, Department of Forest and Conservation Sciences, University
        of British Columbia, 3041-2424 Main Mall, Vancouver, BC, Canada</subfield>
      </datafield>
      <datafield tag="700" ind1="1" ind2=" ">
         <subfield code="a">Stoffel, Markus</subfield>
         <subfield code="e">author</subfield>
         <subfield code="u">Climatic Change and Climate Impacts, Institute for Environmental Sciences,
        University of Geneva, Boulevard Carl-Vogt 66, Geneva, Switzerland</subfield>
      </datafield>
      <datafield tag="700" ind1="1" ind2=" ">
         <subfield code="a">Oren, Ram</subfield>
         <subfield code="e">author</subfield>
         <subfield code="u">Tree-Ring Lab, Department of Forest and Conservation Sciences, University
        of British Columbia, 3041-2424 Main Mall, Vancouver, BC, Canada</subfield>
      </datafield>
      <datafield tag="773" ind1="0" ind2=" ">
         <subfield code="t">Tree physiology.</subfield>
         <subfield code="g">2018 May 19, v. 38, no. 8 p.1237-1245</subfield>
         <subfield code="d">Oxford University Press</subfield>
         <subfield code="w">Journal:jnl41003</subfield>
         <subfield code="x">1758-4469</subfield>
         <subfield code="7">nnas</subfield>
      </datafield>
      <datafield tag="787" ind1="1" ind2=" ">
         <subfield code="o">islandora_article_repository</subfield>
      </datafield>
      <datafield tag="787" ind1="1" ind2=" ">
         <subfield code="o">product_pubag</subfield>
      </datafield>
      <datafield tag="787" ind1="1" ind2=" ">
         <subfield code="o">(Journal)jnl41003</subfield>
      </datafield>
      <datafield tag="856" ind1="4" ind2="0">
         <subfield code="u">http://dx.doi.org/10.1093/treephys/tpy057</subfield>
         <subfield code="3">Available from publisher's site</subfield>
      </datafield>
      <datafield tag="912" ind1=" " ind2=" ">
         <subfield code="a">Article</subfield>
      </datafield>
      <datafield tag="914" ind1=" " ind2=" ">
         <subfield code="a">Journal:jnl41003</subfield>
         <subfield code="b">1758-4469</subfield>
         <subfield code="c">38</subfield>
         <subfield code="d">8</subfield>
         <subfield code="e">1237</subfield>
      </datafield>
      <datafield tag="914" ind1=" " ind2=" ">
         <subfield code="f">Tree physiology</subfield>
      </datafield>
      <datafield tag="916" ind1=" " ind2=" ">
         <subfield code="a">Batch:2401</subfield>
      </datafield>
      <datafield tag="917" ind1=" " ind2=" ">
         <subfield code="a">issued</subfield>
      </datafield>
      <datafield tag="918" ind1="2" ind2=" ">
         <subfield code="a">Oxford University Press</subfield>
         <subfield code="e">provider</subfield>
         <subfield code="5">DNAL</subfield>
      </datafield>
      <datafield tag="935" ind1=" " ind2=" ">
         <subfield code="a">IND606743474</subfield>
         <subfield code="9">ExL</subfield>
      </datafield>
      <datafield tag="949" ind1=" " ind2=" ">
         <subfield code="a">2020-02-13</subfield>
      </datafield>
      <datafield tag="953" ind1=" " ind2=" ">
         <subfield code="a">/data/metadata/incoming/oxford/treephys38_8xml.zip</subfield>
      </datafield>
      <datafield tag="954" ind1=" " ind2=" ">
         <subfield code="a">file:/data/metadata/staging/oxford/tpy057.xml</subfield>
      </datafield>
      <datafield tag="955" ind1=" " ind2=" ">
         <subfield code="a">/data/metadata/staging/oxford/</subfield>
      </datafield>
      <datafield tag="962" ind1=" " ind2=" ">
         <subfield code="a">Batch:2401 reviewed on 2020-02-13T15:00:03Z</subfield>
      </datafield>
      <datafield tag="974" ind1=" " ind2=" ">
         <subfield code="a">agid:6743474</subfield>
      </datafield>
      <datafield tag="983" ind1=" " ind2=" ">
         <subfield code="a">2019-10-25</subfield>
      </datafield>
      <datafield tag="984" ind1=" " ind2=" ">
         <subfield code="a">2020-02-13</subfield>
      </datafield>
   </record>