
   <!--Record: 50-->
   <record>
      <leader>04177nab a2200673 u 4500</leader>
      <controlfield tag="001">9916299605707426</controlfield>
      <controlfield tag="005">20221118061308.0</controlfield>
      <controlfield tag="008">220728e20220804xx |||||o|||||||||||eng||</controlfield>
      <datafield tag="016" ind1="7" ind2=" ">
         <subfield code="a">IND607857672</subfield>
         <subfield code="2">DNAL</subfield>
      </datafield>
      <datafield tag="024" ind1="7" ind2=" ">
         <subfield code="a">10.1080/10106049.2020.1861664</subfield>
         <subfield code="2">doi</subfield>
      </datafield>
      <datafield tag="035" ind1=" " ind2=" ">
         <subfield code="a">agid:7857672-01nal_inst</subfield>
      </datafield>
      <datafield tag="040" ind1=" " ind2=" ">
         <subfield code="a">AGL</subfield>
         <subfield code="b">eng</subfield>
         <subfield code="c">AGL</subfield>
      </datafield>
      <datafield tag="100" ind1="1" ind2=" ">
         <subfield code="a">Rahmati, Omid</subfield>
         <subfield code="e">author</subfield>
         <subfield code="u">Soil Conservation and Watershed Management Research Department, Kurdistan
        Agricultural and Natural Resources Research and Education Center, AREEO, Sanandaj,
        Iran</subfield>
      </datafield>
      <datafield tag="245" ind1="1" ind2="0">
         <subfield code="a">Assessment of Gini-, entropy- and ratio-based classification trees for
        groundwater potential modelling and prediction</subfield>
      </datafield>
      <datafield tag="300" ind1=" " ind2=" ">
         <subfield code="a">p. 3397-3415.</subfield>
      </datafield>
      <datafield tag="520" ind1=" " ind2=" ">
         <subfield code="a">Artificial-intelligence and machine-learning algorithms are gaining the
        attention of researchers in the field of groundwater modelling. This study explored and
        assessed a new approach based on Gini-, entropy- and ratio-based classification trees to
        predict spatial patterns of groundwater potential in a mountainous region of Iran. To do
        this, a springs inventory was undertaken, and 362 springs were identified in the study area.
        A set of geo-environmental and topo-hydrological factors (slope, aspect, elevation,
        topographic wetness index, distance from fault, distance from river, precipitation, land
        use, lithology, plan curvature and roughness index) were used as predictors of groundwater.
        Results showed that Gini (AUC = 0.865) achieved the best results, followed by entropy (AUC =
        0.847) and ratio (AUC = 0.859). Lithology was determined to be the variable with the best
        association with groundwater in the study area. These results indicate that all three
        algorithms provide robust models of groundwater potential in this mountainous region.
        HighlightsGini, entropy and ratio were investigated for groundwater potential mapping.
        Eleven groundwater-affecting factors were considered. Lithology is the most important factor
        for groundwater potential mapping Gini based decision tree is the best, followed by entropy
        and ratio models</subfield>
      </datafield>
      <datafield tag="592" ind1=" " ind2=" ">
         <subfield code="a">Publisher supplied data</subfield>
      </datafield>
      <datafield tag="593" ind1=" " ind2=" ">
         <subfield code="a">PubAg article</subfield>
      </datafield>
      <datafield tag="650" ind1=" " ind2="3">
         <subfield code="a">artificial intelligence</subfield>
      </datafield>
      <datafield tag="650" ind1=" " ind2="3">
         <subfield code="a">decision support systems</subfield>
      </datafield>
      <datafield tag="650" ind1=" " ind2="3">
         <subfield code="a">entropy</subfield>
      </datafield>
      <datafield tag="650" ind1=" " ind2="3">
         <subfield code="a">groundwater</subfield>
      </datafield>
      <datafield tag="650" ind1=" " ind2="3">
         <subfield code="a">inventories</subfield>
      </datafield>
      <datafield tag="650" ind1=" " ind2="3">
         <subfield code="a">land use</subfield>
      </datafield>
      <datafield tag="650" ind1=" " ind2="3">
         <subfield code="a">lithology</subfield>
      </datafield>
      <datafield tag="650" ind1=" " ind2="3">
         <subfield code="a">mountains</subfield>
      </datafield>
      <datafield tag="650" ind1=" " ind2="3">
         <subfield code="a">prediction</subfield>
      </datafield>
      <datafield tag="650" ind1=" " ind2="3">
         <subfield code="a">rivers</subfield>
      </datafield>
      <datafield tag="650" ind1=" " ind2="3">
         <subfield code="a">roughness</subfield>
      </datafield>
      <datafield tag="650" ind1=" " ind2="3">
         <subfield code="a">topography</subfield>
      </datafield>
      <datafield tag="651" ind1=" " ind2="3">
         <subfield code="a">Iran</subfield>
      </datafield>
      <datafield tag="653" ind1=" " ind2="0">
         <subfield code="a">Groundwater potential</subfield>
      </datafield>
      <datafield tag="653" ind1=" " ind2="0">
         <subfield code="a">GIS</subfield>
      </datafield>
      <datafield tag="653" ind1=" " ind2="0">
         <subfield code="a">data mining</subfield>
      </datafield>
      <datafield tag="653" ind1=" " ind2="0">
         <subfield code="a">classification-tree analysis</subfield>
      </datafield>
      <datafield tag="700" ind1="1" ind2=" ">
         <subfield code="a">Avand, Mohammadtaghi</subfield>
         <subfield code="e">author</subfield>
         <subfield code="u">Department of Watershed Management Engineering, College of Natural
        Resources, Tarbiat Modares University, Tehran, Iran</subfield>
      </datafield>
      <datafield tag="700" ind1="1" ind2=" ">
         <subfield code="a">Yariyan, Peyman</subfield>
         <subfield code="e">author</subfield>
         <subfield code="u">Department of Surveying Engineering, Saghez Branch, Islamic Azad
        University, Saghez, Iran</subfield>
      </datafield>
      <datafield tag="700" ind1="1" ind2=" ">
         <subfield code="a">Tiefenbacher, John P.</subfield>
         <subfield code="e">author</subfield>
         <subfield code="u">Department of Geography, Texas State University, San Marcos, Texas,
        USA</subfield>
      </datafield>
      <datafield tag="700" ind1="1" ind2=" ">
         <subfield code="a">Azareh, Ali</subfield>
         <subfield code="e">author</subfield>
         <subfield code="u">Department of Geography, University of Jiroft, Kerman, Iran</subfield>
      </datafield>
      <datafield tag="700" ind1="1" ind2=" ">
         <subfield code="a">Bui, Dieu Tien</subfield>
         <subfield code="e">author</subfield>
         <subfield code="u">Geographic Information Science Research Group, Ton Duc Thang University, Ho
        Chi Minh City, Viet Nam</subfield>
      </datafield>
      <datafield tag="773" ind1="0" ind2=" ">
         <subfield code="t">Geocarto international.</subfield>
         <subfield code="g">2022 Aug. 4, v. 37, no. 12 p.3397-3415</subfield>
         <subfield code="d">Taylor &amp; Francis</subfield>
         <subfield code="w">Journal:12366</subfield>
         <subfield code="x">1752-0762</subfield>
         <subfield code="7">nnas</subfield>
      </datafield>
      <datafield tag="787" ind1="1" ind2=" ">
         <subfield code="o">islandora_article_repository</subfield>
      </datafield>
      <datafield tag="787" ind1="1" ind2=" ">
         <subfield code="o">product_pubag</subfield>
      </datafield>
      <datafield tag="787" ind1="1" ind2=" ">
         <subfield code="o">(Journal)12366</subfield>
      </datafield>
      <datafield tag="856" ind1="4" ind2="0">
         <subfield code="u">https://dx.doi.org/10.1080/10106049.2020.1861664</subfield>
         <subfield code="3">Available from publisher's site</subfield>
      </datafield>
      <datafield tag="912" ind1=" " ind2=" ">
         <subfield code="a">Article</subfield>
      </datafield>
      <datafield tag="914" ind1=" " ind2=" ">
         <subfield code="a">Journal:12366</subfield>
         <subfield code="b">1752-0762</subfield>
         <subfield code="c">37</subfield>
         <subfield code="d">12</subfield>
         <subfield code="e">3397</subfield>
      </datafield>
      <datafield tag="914" ind1=" " ind2=" ">
         <subfield code="f">Geocarto international</subfield>
      </datafield>
      <datafield tag="917" ind1=" " ind2=" ">
         <subfield code="a">issued</subfield>
      </datafield>
      <datafield tag="918" ind1="2" ind2=" ">
         <subfield code="a">Taylor &amp; Francis Group</subfield>
         <subfield code="e">provider</subfield>
         <subfield code="5">DNAL</subfield>
      </datafield>
      <datafield tag="935" ind1=" " ind2=" ">
         <subfield code="a">IND607857672</subfield>
         <subfield code="9">ExL</subfield>
      </datafield>
      <datafield tag="949" ind1=" " ind2=" ">
         <subfield code="a">2022-07-28</subfield>
      </datafield>
      <datafield tag="952" ind1=" " ind2=" ">
         <subfield code="d">NAL-AP-2-clean</subfield>
      </datafield>
      <datafield tag="953" ind1=" " ind2=" ">
         <subfield code="a">/data/metadata/incoming/taylorfrancis/tgei20_tgei20.v037.i12_20220727051303#29912888.zip</subfield>
      </datafield>
      <datafield tag="954" ind1=" " ind2=" ">
         <subfield code="a">file:/data/metadata/staging/taylorfrancis/10106049.2020.1861664.xml</subfield>
      </datafield>
      <datafield tag="955" ind1=" " ind2=" ">
         <subfield code="a">/data/metadata/staging/taylorfrancis/</subfield>
      </datafield>
      <datafield tag="974" ind1=" " ind2=" ">
         <subfield code="a">agid:7857672</subfield>
      </datafield>
      <datafield tag="983" ind1=" " ind2=" ">
         <subfield code="a">2022-07-28</subfield>
      </datafield>
      <datafield tag="984" ind1=" " ind2=" ">
         <subfield code="a">2022-07-28</subfield>
      </datafield>
   </record>