
   <!--Record: 52-->
   <record>
      <leader>03704nab a2200565 u 4500</leader>
      <controlfield tag="001">9916300119207426</controlfield>
      <controlfield tag="005">20221118062530.0</controlfield>
      <controlfield tag="008">060606e200601 xx |||||o|||||||||||eng||</controlfield>
      <datafield tag="016" ind1="7" ind2=" ">
         <subfield code="a">IND43806867</subfield>
         <subfield code="2">DNAL</subfield>
      </datafield>
      <datafield tag="024" ind1="7" ind2=" ">
         <subfield code="a">10.1007/s11104-005-8552-7</subfield>
         <subfield code="2">doi</subfield>
      </datafield>
      <datafield tag="035" ind1=" " ind2=" ">
         <subfield code="a">agid:684568-01nal_inst</subfield>
      </datafield>
      <datafield tag="040" ind1=" " ind2=" ">
         <subfield code="a">AGL</subfield>
         <subfield code="b">eng</subfield>
         <subfield code="c">AGL</subfield>
      </datafield>
      <datafield tag="072" ind1=" " ind2="0">
         <subfield code="a">J300</subfield>
      </datafield>
      <datafield tag="072" ind1=" " ind2="0">
         <subfield code="a">J500</subfield>
      </datafield>
      <datafield tag="100" ind1="1" ind2=" ">
         <subfield code="a">Gallardo, A.</subfield>
      </datafield>
      <datafield tag="245" ind1="1" ind2="0">
         <subfield code="a">Differences between soil ammonium and nitrate spatial pattern in six plant
        communities. simulated effect on plant populations</subfield>
      </datafield>
      <datafield tag="300" ind1=" " ind2=" ">
         <subfield code="a">p. 333-346.</subfield>
      </datafield>
      <datafield tag="500" ind1=" " ind2=" ">
         <subfield code="a">Includes references</subfield>
      </datafield>
      <datafield tag="520" ind1=" " ind2=" ">
         <subfield code="a">Geostatistical descriptions of soil heterogeneity patterns for plant
        communities are abundant in literature, however no effort has been done to compare spatial
        structure of different nutrients, and to look for a common pattern in different plant
        communities. Furthermore, there is no information on the consequences of different soil
        spatial patterns on resource availability for plant populations. Conditional simulations on
        the spatial distribution of soil NH₄-N and NO₃-N were carried out in order to study the
        effect of contrasted patch sizes on N availability for individuals with increasing root
        system size. The semivariogram range (an indication of patch size) for soil NH₄-N and NO₃-N
        in six plant communities was found to be very variable, and was higher for soil NH₄-N than
        for soil NO₃-N in each community. A positive correlation was observed between organic matter
        and NH₄-N spatial ranges in the six plant communities, but not between NO₃-N and NH₄-N.
        Probabilities of finding a high soil N concentration within simulated plant populations
        depended on N patch size and root system size. Thus, a population taking up NH₄-N (higher
        spatial range values) would be more heterogeneous (i.e. individuals will have differing
        probabilities of finding a high soil N concentration) than the same population taking up
        NO₃-N. Likewise, a seedling population taking up NH₄-N or NO₃-N would be more heterogeneous
        than a large tree population in the same area, where individuals would have similar
        probability of finding a high soil N concentration. These results showed that the spatial
        patch size of limiting resources has important consequences at the population level, since
        it determines the probability of finding a favorable site, and therefore differing
        performances of individuals within a population.</subfield>
      </datafield>
      <datafield tag="593" ind1=" " ind2=" ">
         <subfield code="a">PubAg article</subfield>
      </datafield>
      <datafield tag="650" ind1=" " ind2="3">
         <subfield code="a">soil nutrients</subfield>
      </datafield>
      <datafield tag="650" ind1=" " ind2="3">
         <subfield code="a">nutrient availability</subfield>
      </datafield>
      <datafield tag="650" ind1=" " ind2="3">
         <subfield code="a">ammonia</subfield>
      </datafield>
      <datafield tag="650" ind1=" " ind2="3">
         <subfield code="a">nitrates</subfield>
      </datafield>
      <datafield tag="650" ind1=" " ind2="3">
         <subfield code="a">spatial distribution</subfield>
      </datafield>
      <datafield tag="650" ind1=" " ind2="3">
         <subfield code="a">plant communities</subfield>
      </datafield>
      <datafield tag="650" ind1=" " ind2="3">
         <subfield code="a">geostatistics</subfield>
      </datafield>
      <datafield tag="650" ind1=" " ind2="3">
         <subfield code="a">soil heterogeneity</subfield>
      </datafield>
      <datafield tag="700" ind1="1" ind2=" ">
         <subfield code="a">Parama, R.</subfield>
      </datafield>
      <datafield tag="700" ind1="1" ind2=" ">
         <subfield code="a">Covelo, F.</subfield>
      </datafield>
      <datafield tag="773" ind1="0" ind2=" ">
         <subfield code="t">Plant and soil.</subfield>
         <subfield code="g">2006 Jan., v. 279, no. 1-2 p.333-346</subfield>
         <subfield code="d">Kluwer Academic Publishers</subfield>
         <subfield code="x">0032-079X</subfield>
         <subfield code="7">nnas</subfield>
      </datafield>
      <datafield tag="787" ind1="1" ind2=" ">
         <subfield code="o">islandora_article_repository</subfield>
      </datafield>
      <datafield tag="787" ind1="1" ind2=" ">
         <subfield code="o">product_pubag</subfield>
      </datafield>
      <datafield tag="787" ind1="1" ind2=" ">
         <subfield code="o">(Journal)jnl49373</subfield>
      </datafield>
      <datafield tag="852" ind1=" " ind2=" ">
         <subfield code="a">DNAL</subfield>
      </datafield>
      <datafield tag="856" ind1="4" ind2="0">
         <subfield code="u">http://dx.doi.org/10.1007/s11104-005-8552-7</subfield>
         <subfield code="3">electronic resource</subfield>
      </datafield>
      <datafield tag="912" ind1=" " ind2=" ">
         <subfield code="a">Article</subfield>
      </datafield>
      <datafield tag="914" ind1=" " ind2=" ">
         <subfield code="a">Journal:jnl49373</subfield>
         <subfield code="b">0032-079X</subfield>
         <subfield code="c">279</subfield>
         <subfield code="d">1-2</subfield>
         <subfield code="e">333</subfield>
      </datafield>
      <datafield tag="914" ind1=" " ind2=" ">
         <subfield code="f">Plant and soil</subfield>
      </datafield>
      <datafield tag="917" ind1=" " ind2=" ">
         <subfield code="a">issued</subfield>
      </datafield>
      <datafield tag="930" ind1=" " ind2=" ">
         <subfield code="a">20061210</subfield>
         <subfield code="b">20070102</subfield>
         <subfield code="c">00000000</subfield>
      </datafield>
      <datafield tag="935" ind1=" " ind2=" ">
         <subfield code="a">IND43806867</subfield>
         <subfield code="9">ExL</subfield>
      </datafield>
      <datafield tag="945" ind1=" " ind2=" ">
         <subfield code="a">IND</subfield>
         <subfield code="d">RSC</subfield>
         <subfield code="e">2006/07/12</subfield>
      </datafield>
      <datafield tag="946" ind1=" " ind2=" ">
         <subfield code="a">Non-US</subfield>
      </datafield>
      <datafield tag="949" ind1=" " ind2=" ">
         <subfield code="a">2014-07-17</subfield>
      </datafield>
      <datafield tag="952" ind1=" " ind2=" ">
         <subfield code="a">20061210 20070102 00000000</subfield>
         <subfield code="b">IND RSC 2006/07/12</subfield>
      </datafield>
      <datafield tag="974" ind1=" " ind2=" ">
         <subfield code="a">agid:684568</subfield>
      </datafield>
      <datafield tag="984" ind1=" " ind2=" ">
         <subfield code="a">2014-07-23</subfield>
      </datafield>
      <datafield tag="985" ind1=" " ind2=" ">
         <subfield code="a">Converted from MARCXML to MODS version 3.4 using MARC21slim2MODS3-4.xsl
        (Revision 1.95 2014/04/23)</subfield>
      </datafield>
      <datafield tag="986" ind1=" " ind2=" ">
         <subfield code="a">3806867</subfield>
      </datafield>
   </record>