
   <!--Record: 57-->
   <record>
      <leader>05148nab a2200697 u 4500</leader>
      <controlfield tag="001">9916301035707426</controlfield>
      <controlfield tag="005">20221118065606.0</controlfield>
      <controlfield tag="008">190801e20190915xx |||||o|||||||||||eng||</controlfield>
      <datafield tag="016" ind1="7" ind2=" ">
         <subfield code="a">IND606465683</subfield>
         <subfield code="2">DNAL</subfield>
      </datafield>
      <datafield tag="024" ind1="7" ind2=" ">
         <subfield code="a">10.1016/j.rse.2019.111232</subfield>
         <subfield code="2">doi</subfield>
      </datafield>
      <datafield tag="035" ind1=" " ind2=" ">
         <subfield code="a">agid:6465683-01nal_inst</subfield>
      </datafield>
      <datafield tag="040" ind1=" " ind2=" ">
         <subfield code="a">AGL</subfield>
         <subfield code="b">eng</subfield>
         <subfield code="c">AGL</subfield>
      </datafield>
      <datafield tag="100" ind1="1" ind2=" ">
         <subfield code="a">Wietecha, Martyna</subfield>
         <subfield code="e">author</subfield>
         <subfield code="u">Department of Geomatics, Forest Research Institute, Sękocin Stary, 05-090
        Raszyn, Poland</subfield>
      </datafield>
      <datafield tag="245" ind1="1" ind2="4">
         <subfield code="a">The capability of species-related forest stand characteristics
        determination with the use of hyperspectral data</subfield>
      </datafield>
      <datafield tag="520" ind1=" " ind2=" ">
         <subfield code="a">The primary goal of this study was to bridge the gap between hyperspectral
        data classifications and their practical implementation for forest management. Information
        on the distributions and abundances of tree species can help forest managers understand the
        spatial coverage of tree species and manage the species composition by establishing a
        specific strategy. For this purpose, classification of tree species was applied to airborne
        hyperspectral imagery, and a determination of selected forest stand characteristics (i.e.,
        main tree species, species cover proportions, and species mixture patterns) was made.We
        selected the Milicz Forest District of southwestern Poland as our study area. Sixteen
        airborne hyperspectral images were acquired with the HySpex VNIR-1800 and SWIR-384 sensors
        on 19 August 2015. We classified four deciduous tree species (Black alder, Pedunculate oak,
        Silver birch, and European beech) and coniferous species using a support vector machine
        (SVM) classifier. To properly evaluate the classification accuracy, the level of crown
        visibility from above was determined during ground measurements. The obtained information
        was used to create a reference set integrated with the Remote Sensing data.The
        classification accuracy was 91%. The main tree species found in the sample plots were
        correctly assessed based on the coverage area for 92% of the sample plots. The species cover
        proportions were estimated correctly for 75–94% of the sample plots with a tolerance
        threshold ≤10 percentage points depending on the species considered. Similarities of the
        species structures shown in the sample plots between the classification map and reference
        field data were found by Morisita's index (0.92). Spatial mixture pattern detection was
        performed for 316 forest stands. The results of the developed method were found to agree to
        field data with 69% accuracy. This study shows that airborne hyperspectral data serve as a
        reliable source for the precise description of forest characteristics, such as the main tree
        species, tree species cover proportions and mixture patterns.</subfield>
      </datafield>
      <datafield tag="592" ind1=" " ind2=" ">
         <subfield code="a">Publisher supplied data</subfield>
      </datafield>
      <datafield tag="593" ind1=" " ind2=" ">
         <subfield code="a">PubAg article</subfield>
      </datafield>
      <datafield tag="650" ind1=" " ind2="3">
         <subfield code="a">Alnus glutinosa</subfield>
      </datafield>
      <datafield tag="650" ind1=" " ind2="3">
         <subfield code="a">Betula pendula</subfield>
      </datafield>
      <datafield tag="650" ind1=" " ind2="3">
         <subfield code="a">Fagus sylvatica subsp. sylvatica</subfield>
      </datafield>
      <datafield tag="650" ind1=" " ind2="3">
         <subfield code="a">Quercus robur</subfield>
      </datafield>
      <datafield tag="650" ind1=" " ind2="3">
         <subfield code="a">forest management</subfield>
      </datafield>
      <datafield tag="650" ind1=" " ind2="3">
         <subfield code="a">forest stands</subfield>
      </datafield>
      <datafield tag="650" ind1=" " ind2="3">
         <subfield code="a">forests</subfield>
      </datafield>
      <datafield tag="650" ind1=" " ind2="3">
         <subfield code="a">hyperspectral imagery</subfield>
      </datafield>
      <datafield tag="650" ind1=" " ind2="3">
         <subfield code="a">remote sensing</subfield>
      </datafield>
      <datafield tag="650" ind1=" " ind2="3">
         <subfield code="a">species diversity</subfield>
      </datafield>
      <datafield tag="650" ind1=" " ind2="3">
         <subfield code="a">stand characteristics</subfield>
      </datafield>
      <datafield tag="650" ind1=" " ind2="3">
         <subfield code="a">support vector machines</subfield>
      </datafield>
      <datafield tag="650" ind1=" " ind2="3">
         <subfield code="a">trees</subfield>
      </datafield>
      <datafield tag="651" ind1=" " ind2="3">
         <subfield code="a">Poland</subfield>
      </datafield>
      <datafield tag="653" ind1=" " ind2="0">
         <subfield code="a">Classification</subfield>
      </datafield>
      <datafield tag="653" ind1=" " ind2="0">
         <subfield code="a">Hyperspectral data</subfield>
      </datafield>
      <datafield tag="653" ind1=" " ind2="0">
         <subfield code="a">Forest inventory characteristics</subfield>
      </datafield>
      <datafield tag="653" ind1=" " ind2="0">
         <subfield code="a">Mixture patterns</subfield>
      </datafield>
      <datafield tag="653" ind1=" " ind2="0">
         <subfield code="a">Main tree species determination</subfield>
      </datafield>
      <datafield tag="653" ind1=" " ind2="0">
         <subfield code="a">Species cover proportions</subfield>
      </datafield>
      <datafield tag="700" ind1="1" ind2=" ">
         <subfield code="a">Jełowicki, Łukasz</subfield>
         <subfield code="e">author</subfield>
         <subfield code="u">Department of Geomatics, Forest Research Institute, Sękocin Stary, 05-090
        Raszyn, Poland</subfield>
         <subfield code="1">https://orcid.org/0000-0002-5336-0646</subfield>
      </datafield>
      <datafield tag="700" ind1="1" ind2=" ">
         <subfield code="a">Mitelsztedt, Krzysztof</subfield>
         <subfield code="e">author</subfield>
         <subfield code="u">Department of Geomatics, Forest Research Institute, Sękocin Stary, 05-090
        Raszyn, Poland</subfield>
      </datafield>
      <datafield tag="700" ind1="1" ind2=" ">
         <subfield code="a">Miścicki, Stanisław</subfield>
         <subfield code="e">author</subfield>
         <subfield code="u">Department of Forest Management, Geomatics and Forest Economics, Faculty of
        Forestry, Warsaw University of Life Sciences – SGGW, Warsaw, 02-776 Warsaw,
        Poland</subfield>
      </datafield>
      <datafield tag="700" ind1="1" ind2=" ">
         <subfield code="a">Stereńczak, Krzysztof</subfield>
         <subfield code="e">author</subfield>
         <subfield code="u">Department of Geomatics, Forest Research Institute, Sękocin Stary, 05-090
        Raszyn, Poland</subfield>
         <subfield code="1">https://orcid.org/0000-0002-9556-0144</subfield>
      </datafield>
      <datafield tag="773" ind1="0" ind2=" ">
         <subfield code="t">Remote sensing of environment.</subfield>
         <subfield code="g">2019 Sept. 15, v. 231 p.111232-</subfield>
         <subfield code="d">Elsevier Inc.</subfield>
         <subfield code="w">Journal:11735</subfield>
         <subfield code="x">0034-4257</subfield>
         <subfield code="7">nnas</subfield>
      </datafield>
      <datafield tag="787" ind1="1" ind2=" ">
         <subfield code="o">islandora_article_repository</subfield>
      </datafield>
      <datafield tag="787" ind1="1" ind2=" ">
         <subfield code="o">product_pubag</subfield>
      </datafield>
      <datafield tag="787" ind1="1" ind2=" ">
         <subfield code="o">(Journal)11735</subfield>
      </datafield>
      <datafield tag="856" ind1="4" ind2="0">
         <subfield code="u">https://dx.doi.org/10.1016/j.rse.2019.111232</subfield>
         <subfield code="3">Available from publisher's site</subfield>
      </datafield>
      <datafield tag="912" ind1=" " ind2=" ">
         <subfield code="a">Article</subfield>
      </datafield>
      <datafield tag="914" ind1=" " ind2=" ">
         <subfield code="a">Journal:11735</subfield>
         <subfield code="b">0034-4257</subfield>
         <subfield code="e">111232</subfield>
      </datafield>
      <datafield tag="914" ind1=" " ind2=" ">
         <subfield code="f">Remote sensing of environment</subfield>
      </datafield>
      <datafield tag="916" ind1=" " ind2=" ">
         <subfield code="a">Batch:2270</subfield>
      </datafield>
      <datafield tag="917" ind1=" " ind2=" ">
         <subfield code="a">issued</subfield>
      </datafield>
      <datafield tag="918" ind1="2" ind2=" ">
         <subfield code="a">Elsevier Consyn</subfield>
         <subfield code="e">provider</subfield>
         <subfield code="5">DNAL</subfield>
      </datafield>
      <datafield tag="935" ind1=" " ind2=" ">
         <subfield code="a">IND606465683</subfield>
         <subfield code="9">ExL</subfield>
      </datafield>
      <datafield tag="949" ind1=" " ind2=" ">
         <subfield code="a">2019-08-06</subfield>
      </datafield>
      <datafield tag="953" ind1=" " ind2=" ">
         <subfield code="a">/data/metadata/incoming/consyn/763650125253420874-00001-HEAD-ONLY-NEW
        CONSYN ISSNS.zip</subfield>
      </datafield>
      <datafield tag="954" ind1=" " ind2=" ">
         <subfield code="a">file:/data/metadata/staging/consyn/S0034425719302512.xml</subfield>
      </datafield>
      <datafield tag="955" ind1=" " ind2=" ">
         <subfield code="a">/data/metadata/staging/consyn/</subfield>
      </datafield>
      <datafield tag="962" ind1=" " ind2=" ">
         <subfield code="a">Batch:2270 reviewed on 2019-08-06T04:00:08Z</subfield>
      </datafield>
      <datafield tag="974" ind1=" " ind2=" ">
         <subfield code="a">agid:6465683</subfield>
      </datafield>
      <datafield tag="983" ind1=" " ind2=" ">
         <subfield code="a">2019-08-01</subfield>
      </datafield>
      <datafield tag="984" ind1=" " ind2=" ">
         <subfield code="a">2019-10-24</subfield>
      </datafield>
   </record>