
   <!--Record: 58-->
   <record>
      <leader>06609nab a2200973 u 4500</leader>
      <controlfield tag="001">9916301218207426</controlfield>
      <controlfield tag="005">20221118065507.0</controlfield>
      <controlfield tag="008">190801e20190915xx |||||o|||||||||||eng||</controlfield>
      <datafield tag="016" ind1="7" ind2=" ">
         <subfield code="a">IND606465689</subfield>
         <subfield code="2">DNAL</subfield>
      </datafield>
      <datafield tag="024" ind1="7" ind2=" ">
         <subfield code="a">10.1016/j.rse.2019.111238</subfield>
         <subfield code="2">chorus</subfield>
      </datafield>
      <datafield tag="024" ind1="7" ind2=" ">
         <subfield code="a">10.1016/j.rse.2019.111238</subfield>
         <subfield code="2">doi</subfield>
      </datafield>
      <datafield tag="035" ind1=" " ind2=" ">
         <subfield code="a">agid:6465689-01nal_inst</subfield>
      </datafield>
      <datafield tag="040" ind1=" " ind2=" ">
         <subfield code="a">AGL</subfield>
         <subfield code="b">eng</subfield>
         <subfield code="c">AGL</subfield>
      </datafield>
      <datafield tag="100" ind1="1" ind2=" ">
         <subfield code="a">He, Yinan</subfield>
         <subfield code="e">author</subfield>
         <subfield code="u">Laboratory for Remote Sensing and Environmental Change (LRSEC), Department
        of Geography and Earth Sciences, University of North Carolina at Charlotte, 9201 University
        City Blvd, Charlotte, NC 28223, USA</subfield>
         <subfield code="1">https://orcid.org/0000-0002-0969-6310</subfield>
      </datafield>
      <datafield tag="245" ind1="1" ind2="0">
         <subfield code="a">Integrating multi-sensor remote sensing and species distribution modeling
        to map the spread of emerging forest disease and tree mortality</subfield>
      </datafield>
      <datafield tag="506" ind1=" " ind2=" ">
         <subfield code="a">Resource is Open Access</subfield>
         <subfield code="f">Unrestricted online access</subfield>
         <subfield code="2">star</subfield>
      </datafield>
      <datafield tag="506" ind1=" " ind2=" ">
         <subfield code="a">Elsevier BV License Information</subfield>
         <subfield code="f">Unrestricted online access</subfield>
         <subfield code="2">star</subfield>
      </datafield>
      <datafield tag="506" ind1=" " ind2=" ">
         <subfield code="a">Resource is Open Access</subfield>
         <subfield code="u">http://purl.org/eprint/accessRights/OpenAccess</subfield>
         <subfield code="f">Unrestricted online access</subfield>
         <subfield code="2">star</subfield>
      </datafield>
      <datafield tag="506" ind1=" " ind2=" ">
         <subfield code="a">CHORUS License Information</subfield>
         <subfield code="f">Unrestricted online access</subfield>
         <subfield code="2">star</subfield>
      </datafield>
      <datafield tag="520" ind1=" " ind2=" ">
         <subfield code="a">Forest ecosystems have been increasingly affected by a variety of
        disturbances, including emerging infectious diseases (EIDs), causing extensive tree
        mortality in the Western United States. Especially over the past decade, EID outbreaks
        occurred more frequently and severely in forest landscapes, which have killed large numbers
        of trees. While tree mortality is observable from remote sensing, its symptom may be
        associated with both disease and non-disease disturbances (e.g., wildfire and drought).
        Species distribution modeling is widely used to understand species spatial preferences for
        certain habitat conditions, which may constrain uncertain remote sensing approaches due to
        limited spatial and spectral resolution. In this study, we integrated multi-sensor remote
        sensing and species distribution modeling to map disease-caused tree mortality in a forested
        area of 80,000 ha from 2005 to 2016. We selected sudden oak death (caused by pathogen P.
        ramorum) as a case study of a rapidly spreading emerging infectious disease, which has
        killed millions of oak (Quercus spp.) and tanoak (Lithocarpus densiflorus) in California
        over the past decades. To balance the needs for fine-scale monitoring of disease
        distribution patterns and satisfactory coverage at broad scales, our method applied spectral
        unmixing to extract sub-pixel disease presence using yearly Landsat time series. The results
        were improved by employing the probability of disease infection generated from a species
        distribution model. We calibrated and validated the method with image samples from
        high-spatial resolution NAIP (National Agriculture Imagery Program), and hyperspectral
        AVIRIS (Airborne Visible/Infrared Imaging Spectrometer) sensors, Google Earth® imagery, and
        field observations. The findings reveal an annual sudden oak death infection rate of 7% from
        2005 to 2016, with overall mapping accuracies ranging from 76% to 83%. The integration of
        multi-sensor remote sensing and species distribution modeling considerably reduced the
        overestimation of disease effects as compared to the use of remote sensing alone, leading to
        an average of 26% decrease in detecting disease-affected trees. Such integration strategy
        proved the effectiveness of mapping long-term, disease-caused tree mortality in forest
        landscapes that have experienced multiple disturbances.</subfield>
      </datafield>
      <datafield tag="592" ind1=" " ind2=" ">
         <subfield code="a">Publisher supplied data</subfield>
      </datafield>
      <datafield tag="593" ind1=" " ind2=" ">
         <subfield code="a">PubAg article</subfield>
      </datafield>
      <datafield tag="596" ind1=" " ind2=" ">
         <subfield code="c">Gordon and Betty Moore Foundation</subfield>
         <subfield code="d">https://doi.org/10.13039/100000936</subfield>
      </datafield>
      <datafield tag="596" ind1=" " ind2=" ">
         <subfield code="c">National Science Foundation of Sri Lanka</subfield>
         <subfield code="d">https://doi.org/10.13039/501100008982</subfield>
      </datafield>
      <datafield tag="596" ind1=" " ind2=" ">
         <subfield code="c">North Carolina Space Grant</subfield>
         <subfield code="d">https://doi.org/10.13039/100005618</subfield>
      </datafield>
      <datafield tag="596" ind1=" " ind2=" ">
         <subfield code="c">U.S. Forest Service</subfield>
         <subfield code="d">https://doi.org/10.13039/100006959</subfield>
      </datafield>
      <datafield tag="596" ind1=" " ind2=" ">
         <subfield code="c">University of North Carolina at Charlotte</subfield>
         <subfield code="d">https://doi.org/10.13039/100010942</subfield>
      </datafield>
      <datafield tag="650" ind1=" " ind2="3">
         <subfield code="a">Landsat</subfield>
      </datafield>
      <datafield tag="650" ind1=" " ind2="3">
         <subfield code="a">Notholithocarpus densiflorus</subfield>
      </datafield>
      <datafield tag="650" ind1=" " ind2="3">
         <subfield code="a">Quercus</subfield>
      </datafield>
      <datafield tag="650" ind1=" " ind2="3">
         <subfield code="a">case studies</subfield>
      </datafield>
      <datafield tag="650" ind1=" " ind2="3">
         <subfield code="a">drought</subfield>
      </datafield>
      <datafield tag="650" ind1=" " ind2="3">
         <subfield code="a">emerging diseases</subfield>
      </datafield>
      <datafield tag="650" ind1=" " ind2="3">
         <subfield code="a">forest diseases</subfield>
      </datafield>
      <datafield tag="650" ind1=" " ind2="3">
         <subfield code="a">forest ecosystems</subfield>
      </datafield>
      <datafield tag="650" ind1=" " ind2="3">
         <subfield code="a">forests</subfield>
      </datafield>
      <datafield tag="650" ind1=" " ind2="3">
         <subfield code="a">habitats</subfield>
      </datafield>
      <datafield tag="650" ind1=" " ind2="3">
         <subfield code="a">image analysis</subfield>
      </datafield>
      <datafield tag="650" ind1=" " ind2="3">
         <subfield code="a">landscapes</subfield>
      </datafield>
      <datafield tag="650" ind1=" " ind2="3">
         <subfield code="a">models</subfield>
      </datafield>
      <datafield tag="650" ind1=" " ind2="3">
         <subfield code="a">monitoring</subfield>
      </datafield>
      <datafield tag="650" ind1=" " ind2="3">
         <subfield code="a">pathogens</subfield>
      </datafield>
      <datafield tag="650" ind1=" " ind2="3">
         <subfield code="a">probability</subfield>
      </datafield>
      <datafield tag="650" ind1=" " ind2="3">
         <subfield code="a">remote sensing</subfield>
      </datafield>
      <datafield tag="650" ind1=" " ind2="3">
         <subfield code="a">spectral analysis</subfield>
      </datafield>
      <datafield tag="650" ind1=" " ind2="3">
         <subfield code="a">spectrometers</subfield>
      </datafield>
      <datafield tag="650" ind1=" " ind2="3">
         <subfield code="a">sudden oak death</subfield>
      </datafield>
      <datafield tag="650" ind1=" " ind2="3">
         <subfield code="a">time series analysis</subfield>
      </datafield>
      <datafield tag="650" ind1=" " ind2="3">
         <subfield code="a">tree mortality</subfield>
      </datafield>
      <datafield tag="650" ind1=" " ind2="3">
         <subfield code="a">trees</subfield>
      </datafield>
      <datafield tag="650" ind1=" " ind2="3">
         <subfield code="a">wildfires</subfield>
      </datafield>
      <datafield tag="651" ind1=" " ind2="3">
         <subfield code="a">California</subfield>
      </datafield>
      <datafield tag="653" ind1=" " ind2="0">
         <subfield code="a">Multi-sensor remote sensing</subfield>
      </datafield>
      <datafield tag="653" ind1=" " ind2="0">
         <subfield code="a">Species distribution model</subfield>
      </datafield>
      <datafield tag="653" ind1=" " ind2="0">
         <subfield code="a">Emerging infectious disease (EID)</subfield>
      </datafield>
      <datafield tag="653" ind1=" " ind2="0">
         <subfield code="a">Spectral unmixing</subfield>
      </datafield>
      <datafield tag="653" ind1=" " ind2="0">
         <subfield code="a">Landscape epidemiology</subfield>
      </datafield>
      <datafield tag="653" ind1=" " ind2="0">
         <subfield code="a">Object-based image analysis</subfield>
      </datafield>
      <datafield tag="653" ind1=" " ind2="0">
         <subfield code="a">Sudden oak death</subfield>
      </datafield>
      <datafield tag="700" ind1="1" ind2=" ">
         <subfield code="a">Chen, Gang</subfield>
         <subfield code="e">author</subfield>
         <subfield code="u">Laboratory for Remote Sensing and Environmental Change (LRSEC), Department
        of Geography and Earth Sciences, University of North Carolina at Charlotte, 9201 University
        City Blvd, Charlotte, NC 28223, USA</subfield>
         <subfield code="1">https://orcid.org/0000-0002-7469-3650</subfield>
      </datafield>
      <datafield tag="700" ind1="1" ind2=" ">
         <subfield code="a">Potter, Christopher</subfield>
         <subfield code="e">author</subfield>
         <subfield code="u">NASA Ames Research Center, Moffett Field, CA 94035, USA</subfield>
      </datafield>
      <datafield tag="700" ind1="1" ind2=" ">
         <subfield code="a">Meentemeyer, Ross K.</subfield>
         <subfield code="e">author</subfield>
         <subfield code="u">Department of Forestry and Environmental Resources, North Carolina State
        University, 3120 Jordan Hall, Raleigh, NC 27695, USA</subfield>
      </datafield>
      <datafield tag="773" ind1="0" ind2=" ">
         <subfield code="t">Remote sensing of environment.</subfield>
         <subfield code="g">2019 Sept. 15, v. 231 p.111238-</subfield>
         <subfield code="d">Elsevier Inc.</subfield>
         <subfield code="a">Elsevier Inc.</subfield>
         <subfield code="w">Journal:11735</subfield>
         <subfield code="x">0034-4257</subfield>
         <subfield code="7">nnas</subfield>
      </datafield>
      <datafield tag="787" ind1="1" ind2=" ">
         <subfield code="o">islandora_article_repository</subfield>
      </datafield>
      <datafield tag="787" ind1="1" ind2=" ">
         <subfield code="o">product_pubag</subfield>
      </datafield>
      <datafield tag="787" ind1="1" ind2=" ">
         <subfield code="o">(Journal)11735</subfield>
      </datafield>
      <datafield tag="856" ind1="4" ind2="0">
         <subfield code="u">https://dx.doi.org/10.1016/j.rse.2019.111238</subfield>
         <subfield code="3">Available from publisher's site</subfield>
      </datafield>
      <datafield tag="903" ind1=" " ind2=" ">
         <subfield code="a">Accepted Manuscript</subfield>
      </datafield>
      <datafield tag="912" ind1=" " ind2=" ">
         <subfield code="a">Article</subfield>
      </datafield>
      <datafield tag="914" ind1=" " ind2=" ">
         <subfield code="a">Journal:11735</subfield>
         <subfield code="b">0034-4257</subfield>
         <subfield code="e">111238</subfield>
      </datafield>
      <datafield tag="914" ind1=" " ind2=" ">
         <subfield code="f">Remote sensing of environment</subfield>
      </datafield>
      <datafield tag="916" ind1=" " ind2=" ">
         <subfield code="a">Batch:2270</subfield>
      </datafield>
      <datafield tag="917" ind1=" " ind2=" ">
         <subfield code="a">issued</subfield>
      </datafield>
      <datafield tag="918" ind1="2" ind2=" ">
         <subfield code="a">Elsevier Consyn</subfield>
         <subfield code="e">provider</subfield>
         <subfield code="5">DNAL</subfield>
      </datafield>
      <datafield tag="935" ind1=" " ind2=" ">
         <subfield code="a">IND606465689</subfield>
         <subfield code="9">ExL</subfield>
      </datafield>
      <datafield tag="949" ind1=" " ind2=" ">
         <subfield code="a">2019-08-06</subfield>
      </datafield>
      <datafield tag="953" ind1=" " ind2=" ">
         <subfield code="a">/data/metadata/incoming/consyn/763650125253420874-00001-HEAD-ONLY-NEW
        CONSYN ISSNS.zip</subfield>
      </datafield>
      <datafield tag="954" ind1=" " ind2=" ">
         <subfield code="a">file:/data/metadata/staging/consyn/S0034425719302573.xml</subfield>
      </datafield>
      <datafield tag="955" ind1=" " ind2=" ">
         <subfield code="a">/data/metadata/staging/consyn/</subfield>
      </datafield>
      <datafield tag="962" ind1=" " ind2=" ">
         <subfield code="a">Batch:2270 reviewed on 2019-08-06T04:00:08Z</subfield>
      </datafield>
      <datafield tag="962" ind1=" " ind2=" ">
         <subfield code="a">Missing ISSN</subfield>
      </datafield>
      <datafield tag="974" ind1=" " ind2=" ">
         <subfield code="a">agid:6465689</subfield>
      </datafield>
      <datafield tag="983" ind1=" " ind2=" ">
         <subfield code="a">2019-08-01</subfield>
      </datafield>
      <datafield tag="984" ind1=" " ind2=" ">
         <subfield code="a">2022-10-04</subfield>
      </datafield>
   </record>