
   <!--Record: 61-->
   <record>
      <leader>04514nab a2200625 u 4500</leader>
      <controlfield tag="001">9916303161907426</controlfield>
      <controlfield tag="005">20221118090944.0</controlfield>
      <controlfield tag="008">190514e201902 xx |||||o|||||||||||eng||</controlfield>
      <datafield tag="016" ind1="7" ind2=" ">
         <subfield code="a">IND606327551</subfield>
         <subfield code="2">DNAL</subfield>
      </datafield>
      <datafield tag="024" ind1="7" ind2=" ">
         <subfield code="a">10.1007/s11273-018-9646-3</subfield>
         <subfield code="2">doi</subfield>
      </datafield>
      <datafield tag="035" ind1=" " ind2=" ">
         <subfield code="a">agid:6327551-01nal_inst</subfield>
      </datafield>
      <datafield tag="040" ind1=" " ind2=" ">
         <subfield code="a">AGL</subfield>
         <subfield code="b">eng</subfield>
         <subfield code="c">AGL</subfield>
      </datafield>
      <datafield tag="100" ind1="1" ind2=" ">
         <subfield code="a">Li, Nan</subfield>
         <subfield code="e">author</subfield>
         <subfield code="u">Collaborative Innovation Center of Sustainable Forestry in Southern China
        of Jiangsu Province, Nanjing Forestry University, Nanjing, 210037, Jiangsu Province,
        China</subfield>
         <subfield code="1">https://orcid.org/0000-0002-9260-3882</subfield>
      </datafield>
      <datafield tag="245" ind1="1" ind2="0">
         <subfield code="a">Detection of coastal wetland change in China: a case study in Hangzhou
        Bay</subfield>
      </datafield>
      <datafield tag="300" ind1=" " ind2=" ">
         <subfield code="a">p. 103-124.</subfield>
      </datafield>
      <datafield tag="520" ind1=" " ind2=" ">
         <subfield code="a">Wetland monitoring is crucial for understanding wetland changes and
        responses to natural and anthropogenic actions. In this research, Hangzhou Bay coastal
        wetland was selected as the study area to analyze spatial patterns and dynamic changes based
        on Landsat multitemporal imagery. A hybrid approach combining expert knowledge, decision
        tree, threshold technique, unsupervised classification and postprocessing was developed for
        wetland classification. Three typical sites were selected to analyze different change
        patterns. Over the last 10 years, the wetlands have undergone dramatic changes, continued to
        expand outwards due to natural accumulation and increased in area. At the same time, these
        wetlands have also partially decreased with artificial reclamation and urban construction.
        An analysis of typical sites found that the change in the western part of this region was
        dominated by natural accumulation and that in the central and eastern parts was dominated by
        reclamation due to geographical location and hydrological power. In general, wetlands are
        continually changing under the joint action of natural accumulation, artificial reclamation
        and urban construction. The local terrain, hydrology, soil, population, economy and policy
        also influence wetland changes. The results of wetland monitoring are essential for the
        protection and management of local wetlands.</subfield>
      </datafield>
      <datafield tag="592" ind1=" " ind2=" ">
         <subfield code="a">Publisher supplied data</subfield>
      </datafield>
      <datafield tag="593" ind1=" " ind2=" ">
         <subfield code="a">PubAg article</subfield>
      </datafield>
      <datafield tag="596" ind1=" " ind2=" ">
         <subfield code="a">2018SY03</subfield>
         <subfield code="c">Zhejiang Province – Chinese Academy of Forestry joint-supported Forestry
        Science and Technology Program</subfield>
      </datafield>
      <datafield tag="596" ind1=" " ind2=" ">
         <subfield code="a">KYCX17_0819</subfield>
         <subfield code="c">Postgraduate Research &amp; Practice Innovation Program of Jiangsu
        Province</subfield>
      </datafield>
      <datafield tag="650" ind1=" " ind2="3">
         <subfield code="a">Landsat</subfield>
      </datafield>
      <datafield tag="650" ind1=" " ind2="3">
         <subfield code="a">anthropogenic activities</subfield>
      </datafield>
      <datafield tag="650" ind1=" " ind2="3">
         <subfield code="a">case studies</subfield>
      </datafield>
      <datafield tag="650" ind1=" " ind2="3">
         <subfield code="a">decision support systems</subfield>
      </datafield>
      <datafield tag="650" ind1=" " ind2="3">
         <subfield code="a">expert opinion</subfield>
      </datafield>
      <datafield tag="650" ind1=" " ind2="3">
         <subfield code="a">hydrology</subfield>
      </datafield>
      <datafield tag="650" ind1=" " ind2="3">
         <subfield code="a">issues and policy</subfield>
      </datafield>
      <datafield tag="650" ind1=" " ind2="3">
         <subfield code="a">landscapes</subfield>
      </datafield>
      <datafield tag="650" ind1=" " ind2="3">
         <subfield code="a">monitoring</subfield>
      </datafield>
      <datafield tag="650" ind1=" " ind2="3">
         <subfield code="a">soil</subfield>
      </datafield>
      <datafield tag="650" ind1=" " ind2="3">
         <subfield code="a">wetlands</subfield>
      </datafield>
      <datafield tag="651" ind1=" " ind2="3">
         <subfield code="a">China</subfield>
      </datafield>
      <datafield tag="700" ind1="1" ind2=" ">
         <subfield code="a">Li, Longwei</subfield>
         <subfield code="e">author</subfield>
         <subfield code="u">Key Laboratory of Carbon Cycling in Forest Ecosystems and Carbon
        Sequestration of Zhejiang Province, School of Environmental &amp; Resource Sciences,
        Zhejiang Agriculture and Forestry University, Lin’an, 311300, Zhejiang Province,
        China</subfield>
      </datafield>
      <datafield tag="700" ind1="1" ind2=" ">
         <subfield code="a">Lu, Dengsheng</subfield>
         <subfield code="e">author</subfield>
         <subfield code="u">Key Laboratory of Carbon Cycling in Forest Ecosystems and Carbon
        Sequestration of Zhejiang Province, School of Environmental &amp; Resource Sciences,
        Zhejiang Agriculture and Forestry University, Lin’an, 311300, Zhejiang Province,
        China</subfield>
      </datafield>
      <datafield tag="700" ind1="1" ind2=" ">
         <subfield code="a">Zhang, Yinlong</subfield>
         <subfield code="e">author</subfield>
         <subfield code="u">Collaborative Innovation Center of Sustainable Forestry in Southern China
        of Jiangsu Province, Nanjing Forestry University, Nanjing, 210037, Jiangsu Province, China.
        ylzhang_njfu@163.com</subfield>
      </datafield>
      <datafield tag="700" ind1="1" ind2=" ">
         <subfield code="a">Wu, Ming</subfield>
         <subfield code="e">author</subfield>
         <subfield code="u">Institute of Subtropical Forestry Research, Fuyang, 311400, Zhejiang
        Province, China</subfield>
      </datafield>
      <datafield tag="773" ind1="0" ind2=" ">
         <subfield code="t">Wetlands ecology and management.</subfield>
         <subfield code="g">2019 Feb., v. 27, no. 1 p.103-124</subfield>
         <subfield code="d">Springer Netherlands</subfield>
         <subfield code="w">Journal:jnl3870260</subfield>
         <subfield code="x">0923-4861</subfield>
         <subfield code="7">nnas</subfield>
      </datafield>
      <datafield tag="787" ind1="1" ind2=" ">
         <subfield code="o">islandora_article_repository</subfield>
      </datafield>
      <datafield tag="787" ind1="1" ind2=" ">
         <subfield code="o">product_pubag</subfield>
      </datafield>
      <datafield tag="787" ind1="1" ind2=" ">
         <subfield code="o">(Journal)jnl3870260</subfield>
      </datafield>
      <datafield tag="856" ind1="4" ind2="0">
         <subfield code="u">https://dx.doi.org/10.1007/s11273-018-9646-3</subfield>
         <subfield code="3">Available from publisher's site</subfield>
      </datafield>
      <datafield tag="912" ind1=" " ind2=" ">
         <subfield code="a">Article</subfield>
      </datafield>
      <datafield tag="914" ind1=" " ind2=" ">
         <subfield code="a">Journal:jnl3870260</subfield>
         <subfield code="b">0923-4861</subfield>
         <subfield code="c">27</subfield>
         <subfield code="d">1</subfield>
         <subfield code="e">103</subfield>
      </datafield>
      <datafield tag="914" ind1=" " ind2=" ">
         <subfield code="f">Wetlands ecology and management</subfield>
      </datafield>
      <datafield tag="916" ind1=" " ind2=" ">
         <subfield code="a">Batch:2190</subfield>
      </datafield>
      <datafield tag="917" ind1=" " ind2=" ">
         <subfield code="a">issued</subfield>
      </datafield>
      <datafield tag="918" ind1="2" ind2=" ">
         <subfield code="a">Springer</subfield>
         <subfield code="e">provider</subfield>
         <subfield code="5">DNAL</subfield>
      </datafield>
      <datafield tag="935" ind1=" " ind2=" ">
         <subfield code="a">IND606327551</subfield>
         <subfield code="9">ExL</subfield>
      </datafield>
      <datafield tag="949" ind1=" " ind2=" ">
         <subfield code="a">2019-05-14</subfield>
      </datafield>
      <datafield tag="953" ind1=" " ind2=" ">
         <subfield code="a">/data/metadata/incoming/springer/ftp_PUB_19-05-14_06-48-14.zip</subfield>
      </datafield>
      <datafield tag="954" ind1=" " ind2=" ">
         <subfield code="a">file:/data/metadata/staging/springer/11273-27-1.xml</subfield>
      </datafield>
      <datafield tag="955" ind1=" " ind2=" ">
         <subfield code="a">/data/metadata/staging/springer/</subfield>
      </datafield>
      <datafield tag="974" ind1=" " ind2=" ">
         <subfield code="a">agid:6327551</subfield>
      </datafield>
      <datafield tag="983" ind1=" " ind2=" ">
         <subfield code="a">2019-05-14</subfield>
      </datafield>
      <datafield tag="984" ind1=" " ind2=" ">
         <subfield code="a">2019-05-14</subfield>
      </datafield>
   </record>