
   <!--Record: 62-->
   <record>
      <leader>05209nab a2200697 u 4500</leader>
      <controlfield tag="001">9916303384307426</controlfield>
      <controlfield tag="005">20221118095456.0</controlfield>
      <controlfield tag="008">201204e20201116xx |||||o|||||||||||eng||</controlfield>
      <datafield tag="016" ind1="7" ind2=" ">
         <subfield code="a">IND607196942</subfield>
         <subfield code="2">DNAL</subfield>
      </datafield>
      <datafield tag="024" ind1="7" ind2=" ">
         <subfield code="a">10.1080/15481603.2020.1846948</subfield>
         <subfield code="2">doi</subfield>
      </datafield>
      <datafield tag="035" ind1=" " ind2=" ">
         <subfield code="a">agid:7196942-01nal_inst</subfield>
      </datafield>
      <datafield tag="040" ind1=" " ind2=" ">
         <subfield code="a">AGL</subfield>
         <subfield code="b">eng</subfield>
         <subfield code="c">AGL</subfield>
      </datafield>
      <datafield tag="100" ind1="1" ind2=" ">
         <subfield code="a">Mahdianpari, M.</subfield>
         <subfield code="e">author</subfield>
         <subfield code="u">C-CORE, St. John’s, Canada</subfield>
      </datafield>
      <datafield tag="245" ind1="1" ind2="2">
         <subfield code="a">A large-scale change monitoring of wetlands using time series Landsat
        imagery on Google Earth Engine: a case study in Newfoundland</subfield>
      </datafield>
      <datafield tag="300" ind1=" " ind2=" ">
         <subfield code="a">p. 1102-1124.</subfield>
      </datafield>
      <datafield tag="500" ind1=" " ind2=" ">
         <subfield code="a">NAL-AP-2-clean</subfield>
      </datafield>
      <datafield tag="520" ind1=" " ind2=" ">
         <subfield code="a">Wetlands across Canada have been, and continue to be, lost or altered under
        the influence of both anthropogenic and natural activities. The ability to assess the rate
        of change to wetland habitats and related spatial pattern dynamics is of importance for
        effective and meaningful management and protection, particularly under the current context
        of climate change. The availability of cloud-based geospatial platforms has allowed for the
        production of wetland maps at scales previously unfeasible due to technical limitations, yet
        the assessment of changes to wetlands at the level of the wetland class (bog, fen, swamp,
        and marsh) has yet to be implemented across Canada. Class-level change information is
        important when considering changes and impacts to wetland functions and services. To
        demonstrate this possibility, this study assessed 30 years of change to wetlands across the
        province of Newfoundland using Landsat imagery, spectral indices, and Random Forest
        classification within the Google Earth Engine (GEE) cloud-computing platform. Overall
        accuracies were high, ranging from 84.37% to 88.96%. In a comparison of different
        classifiers, Random Forest produced the highest over accuracy results and allowed for the
        estimation of variable importance, when compared Classification and Regression Tree (CART)
        and Minimum Distance (MD). The most important variables include the thermal infrared band
        (TIR), elevation, the difference vegetation index (DVI), the shortwave infrared bands
        (SWIR), and the normalized difference vegetation index (NDVI). Change detection analysis
        shows that bog, followed by swamp and fen, are the most common wetland classes across all
        time periods generally, and marsh wetlands are the least common wetland classes across all
        time periods respectively. The analysis also shows a general instability of wetland classes,
        though this is largely due to conversion from one wetland class to another. Future work may
        integrate RADAR data and consider weather patterns. The results of this study elucidate for
        the first time patterns of wetland class change across Newfoundland from 1985 to 2015 and
        demonstrate the potential of the GEE and Landsat historical imagery to assess change at
        provincial and national scales.</subfield>
      </datafield>
      <datafield tag="592" ind1=" " ind2=" ">
         <subfield code="a">Publisher supplied data</subfield>
      </datafield>
      <datafield tag="593" ind1=" " ind2=" ">
         <subfield code="a">PubAg article</subfield>
      </datafield>
      <datafield tag="650" ind1=" " ind2="3">
         <subfield code="a">Internet</subfield>
      </datafield>
      <datafield tag="650" ind1=" " ind2="3">
         <subfield code="a">Landsat</subfield>
      </datafield>
      <datafield tag="650" ind1=" " ind2="3">
         <subfield code="a">case studies</subfield>
      </datafield>
      <datafield tag="650" ind1=" " ind2="3">
         <subfield code="a">climate change</subfield>
      </datafield>
      <datafield tag="650" ind1=" " ind2="3">
         <subfield code="a">marshes</subfield>
      </datafield>
      <datafield tag="650" ind1=" " ind2="3">
         <subfield code="a">normalized difference vegetation index</subfield>
      </datafield>
      <datafield tag="650" ind1=" " ind2="3">
         <subfield code="a">radar</subfield>
      </datafield>
      <datafield tag="650" ind1=" " ind2="3">
         <subfield code="a">regression analysis</subfield>
      </datafield>
      <datafield tag="650" ind1=" " ind2="3">
         <subfield code="a">swamps</subfield>
      </datafield>
      <datafield tag="650" ind1=" " ind2="3">
         <subfield code="a">time series analysis</subfield>
      </datafield>
      <datafield tag="650" ind1=" " ind2="3">
         <subfield code="a">weather</subfield>
      </datafield>
      <datafield tag="651" ind1=" " ind2="3">
         <subfield code="a">Canada</subfield>
      </datafield>
      <datafield tag="653" ind1=" " ind2="0">
         <subfield code="a">Change detection</subfield>
      </datafield>
      <datafield tag="653" ind1=" " ind2="0">
         <subfield code="a">Wetlands</subfield>
      </datafield>
      <datafield tag="653" ind1=" " ind2="0">
         <subfield code="a">remote sensing</subfield>
      </datafield>
      <datafield tag="653" ind1=" " ind2="0">
         <subfield code="a">geo big data</subfield>
      </datafield>
      <datafield tag="700" ind1="1" ind2=" ">
         <subfield code="a">Jafarzadeh, H.</subfield>
         <subfield code="e">author</subfield>
         <subfield code="u">School of Surveying and Geospatial Engineering, College of Engineering,
        University of Tehran, Tehran, Iran</subfield>
      </datafield>
      <datafield tag="700" ind1="1" ind2=" ">
         <subfield code="a">Granger, J. E.</subfield>
         <subfield code="e">author</subfield>
         <subfield code="u">C-CORE, St. John’s, Canada</subfield>
      </datafield>
      <datafield tag="700" ind1="1" ind2=" ">
         <subfield code="a">Mohammadimanesh, F.</subfield>
         <subfield code="e">author</subfield>
         <subfield code="u">C-CORE, St. John’s, Canada</subfield>
      </datafield>
      <datafield tag="700" ind1="1" ind2=" ">
         <subfield code="a">Brisco, B.</subfield>
         <subfield code="e">author</subfield>
         <subfield code="u">The Canada Centre for Mapping and Earth Observation, Ottawa,
        Canada</subfield>
      </datafield>
      <datafield tag="700" ind1="1" ind2=" ">
         <subfield code="a">Salehi, B.</subfield>
         <subfield code="e">author</subfield>
         <subfield code="u">Environmental Resources Engineering, College of Environmental Science and
        Forestry, State University of New York, USA</subfield>
      </datafield>
      <datafield tag="700" ind1="1" ind2=" ">
         <subfield code="a">Homayouni, S.</subfield>
         <subfield code="e">author</subfield>
         <subfield code="u">Institut National De La Recherche Scientifique (INRS), Centre Eau Terre
        Environnement, Quebec City, Canada</subfield>
      </datafield>
      <datafield tag="700" ind1="1" ind2=" ">
         <subfield code="a">Weng, Q.</subfield>
         <subfield code="e">author</subfield>
         <subfield code="u">Center for Urban and Environmental Change, Department of Earth and
        Environmental Systems, Indiana State University, Terre Haute, IN, USA</subfield>
      </datafield>
      <datafield tag="773" ind1="0" ind2=" ">
         <subfield code="t">GIScience &amp; remote sensing.</subfield>
         <subfield code="g">2020 Nov. 16, v. 57, no. 8 p.1102-1124</subfield>
         <subfield code="d">Taylor &amp; Francis</subfield>
         <subfield code="w">Journal:19689</subfield>
         <subfield code="x">1943-7226</subfield>
         <subfield code="7">nnas</subfield>
      </datafield>
      <datafield tag="787" ind1="1" ind2=" ">
         <subfield code="o">islandora_article_repository</subfield>
      </datafield>
      <datafield tag="787" ind1="1" ind2=" ">
         <subfield code="o">product_pubag</subfield>
      </datafield>
      <datafield tag="787" ind1="1" ind2=" ">
         <subfield code="o">(Journal)19689</subfield>
      </datafield>
      <datafield tag="856" ind1="4" ind2="0">
         <subfield code="u">http://dx.doi.org/10.1080/15481603.2020.1846948</subfield>
         <subfield code="3">Available from publisher's site</subfield>
      </datafield>
      <datafield tag="912" ind1=" " ind2=" ">
         <subfield code="a">Article</subfield>
      </datafield>
      <datafield tag="914" ind1=" " ind2=" ">
         <subfield code="a">Journal:19689</subfield>
         <subfield code="b">1943-7226</subfield>
         <subfield code="c">57</subfield>
         <subfield code="d">8</subfield>
         <subfield code="e">1102</subfield>
      </datafield>
      <datafield tag="914" ind1=" " ind2=" ">
         <subfield code="f">GIScience &amp; remote sensing</subfield>
      </datafield>
      <datafield tag="916" ind1=" " ind2=" ">
         <subfield code="a">Batch:10108</subfield>
      </datafield>
      <datafield tag="917" ind1=" " ind2=" ">
         <subfield code="a">issued</subfield>
      </datafield>
      <datafield tag="918" ind1="2" ind2=" ">
         <subfield code="a">Taylor &amp; Francis Group</subfield>
         <subfield code="e">provider</subfield>
         <subfield code="5">DNAL</subfield>
      </datafield>
      <datafield tag="935" ind1=" " ind2=" ">
         <subfield code="a">IND607196942</subfield>
         <subfield code="9">ExL</subfield>
      </datafield>
      <datafield tag="949" ind1=" " ind2=" ">
         <subfield code="a">2021-04-20</subfield>
      </datafield>
      <datafield tag="953" ind1=" " ind2=" ">
         <subfield code="a">/data/metadata/incoming/taylorfrancis/tgrs20_tgrs20.v057.i08_20201204121554#22920457.zip</subfield>
      </datafield>
      <datafield tag="954" ind1=" " ind2=" ">
         <subfield code="a">file:/data/metadata/staging/taylorfrancis/15481603.2020.1846948.xml</subfield>
      </datafield>
      <datafield tag="955" ind1=" " ind2=" ">
         <subfield code="a">/data/metadata/staging/taylorfrancis/</subfield>
      </datafield>
      <datafield tag="974" ind1=" " ind2=" ">
         <subfield code="a">agid:7196942</subfield>
      </datafield>
      <datafield tag="983" ind1=" " ind2=" ">
         <subfield code="a">2020-12-04</subfield>
      </datafield>
      <datafield tag="984" ind1=" " ind2=" ">
         <subfield code="a">2021-04-20</subfield>
      </datafield>
   </record>