
   <!--Record: 63-->
   <record>
      <leader>05341nab a2200817 u 4500</leader>
      <controlfield tag="001">9916303534907426</controlfield>
      <controlfield tag="005">20221118094759.0</controlfield>
      <controlfield tag="008">140620e201404 xx |||||o|||||||||||eng||</controlfield>
      <datafield tag="016" ind1="7" ind2=" ">
         <subfield code="a">IND500905068</subfield>
         <subfield code="2">DNAL</subfield>
      </datafield>
      <datafield tag="024" ind1="7" ind2=" ">
         <subfield code="a">24840829</subfield>
         <subfield code="2">pmid</subfield>
      </datafield>
      <datafield tag="024" ind1="7" ind2=" ">
         <subfield code="a">10.1007/s12041-014-0347-2</subfield>
         <subfield code="2">doi</subfield>
      </datafield>
      <datafield tag="035" ind1=" " ind2=" ">
         <subfield code="a">agid:361737-01nal_inst</subfield>
      </datafield>
      <datafield tag="040" ind1=" " ind2=" ">
         <subfield code="a">AGL</subfield>
         <subfield code="b">eng</subfield>
         <subfield code="c">AGL</subfield>
      </datafield>
      <datafield tag="100" ind1="1" ind2=" ">
         <subfield code="a">GARCÍA, MARÍA VICTORIA</subfield>
         <subfield code="e">author</subfield>
         <subfield code="u">Facultad de Ciencias Exactas, Departamento de Genética, Químicas y
        Naturales, Universidad Nacional de Misiones, Posadas, 3300, Argentina,
        vgarcia@fceqyn.unam.edu.ar</subfield>
      </datafield>
      <datafield tag="245" ind1="1" ind2="2">
         <subfield code="a">A unifying study of phenotypic and molecular genetic variability in natural
        populations of Anadenanthera colubrina var. cebil from Yungas and Paranaense biogeographic
        provinces in Argentina</subfield>
      </datafield>
      <datafield tag="300" ind1=" " ind2=" ">
         <subfield code="a">p. 123-132.</subfield>
      </datafield>
      <datafield tag="520" ind1=" " ind2=" ">
         <subfield code="a">Anadenanthera colubrina var. cebil is a discontinuously distributed native
        tree species in South American subtropical forests. Thirteen quantitative traits and eight
        nuclear microsatellite loci were examined in individuals from two biogeographic provinces of
        Argentina to determine the number and composition of genetically distinguishable groups of
        individuals and explore possible spatial patterns of the phenotypic and genetic variability.
        Means of reproductive traits were higher in the Yungas than in the Paranaense biogeographic
        province, whereas five out of eight nonreproductive quantitative traits showed higher mean
        values in the latter. Variance coefficients were moderate, and there were significant
        differences between and within provinces. Three clusters were defined based on spatial model
        for cluster membership for quantitative traits. One cluster grouped the individuals from the
        Paranaense biogeographic province whereas the individuals from the Yungas biogeographic
        province grouped regarding its population of origin. Parameters of molecular genetic
        variability showed higher values in the Yungas than in the Paranaense biogeographic
        province. Observed heterozygosity was lower than expected heterozygosity in both
        biogeographic provinces, indicating an excess of homozygosity. The homozygosity test by
        Watterson and the exact test by Slatkin suggested diversifying selection for locus Ac41.1.
        Bayesian clustering spatial model for microsatellites loci data were performed for both all
        loci and for all loci excluding locus Ac41.1. In both analyses two clusters were inferred.
        Analysis of molecular variance revealed similar results for all genotypes and for all
        genotypes defined excluding locus Ac41.1. Most of the total variance is attributable to
        genetic variation within clusters. The presence of homogeneous clusters was detected for
        both the phenotypic and molecular genetic variability. Two Bayesian clustering analyses were
        performed according to molecular genetic data, and two clusters were inferred. Individuals
        were assigned to their provinces of origin. Genetic molecular variation was higher in the
        populations of the Yungas biogeographic province which translates into highly qualified
        populations for conservation. Populations from the Paranaense biogeographic province showed
        the highest mean value of number of seeds per fruit making them valuable as well with regard
        to the exploitation of management strategies as a means to recover the impacted areas where
        these populations are located.</subfield>
      </datafield>
      <datafield tag="592" ind1=" " ind2=" ">
         <subfield code="a">Publisher supplied data</subfield>
      </datafield>
      <datafield tag="593" ind1=" " ind2=" ">
         <subfield code="a">PubAg article</subfield>
      </datafield>
      <datafield tag="650" ind1=" " ind2="3">
         <subfield code="a">Anadenanthera colubrina var. cebil</subfield>
      </datafield>
      <datafield tag="650" ind1=" " ind2="3">
         <subfield code="a">forests</subfield>
      </datafield>
      <datafield tag="650" ind1=" " ind2="3">
         <subfield code="a">genetic variation</subfield>
      </datafield>
      <datafield tag="650" ind1=" " ind2="3">
         <subfield code="a">heterozygosity</subfield>
      </datafield>
      <datafield tag="650" ind1=" " ind2="3">
         <subfield code="a">homozygosity</subfield>
      </datafield>
      <datafield tag="650" ind1=" " ind2="3">
         <subfield code="a">loci</subfield>
      </datafield>
      <datafield tag="650" ind1=" " ind2="3">
         <subfield code="a">microsatellite repeats</subfield>
      </datafield>
      <datafield tag="650" ind1=" " ind2="3">
         <subfield code="a">models</subfield>
      </datafield>
      <datafield tag="650" ind1=" " ind2="3">
         <subfield code="a">quantitative traits</subfield>
      </datafield>
      <datafield tag="650" ind1=" " ind2="3">
         <subfield code="a">reproductive traits</subfield>
      </datafield>
      <datafield tag="650" ind1=" " ind2="3">
         <subfield code="a">seeds</subfield>
      </datafield>
      <datafield tag="650" ind1=" " ind2="3">
         <subfield code="a">translation (genetics)</subfield>
      </datafield>
      <datafield tag="650" ind1=" " ind2="3">
         <subfield code="a">trees</subfield>
      </datafield>
      <datafield tag="650" ind1=" " ind2="3">
         <subfield code="a">variance</subfield>
      </datafield>
      <datafield tag="650" ind1=" " ind2="2">
         <subfield code="a">Cluster Analysis</subfield>
      </datafield>
      <datafield tag="650" ind1=" " ind2="2">
         <subfield code="a">Colubrina</subfield>
         <subfield code="x">genetics</subfield>
      </datafield>
      <datafield tag="650" ind1=" " ind2="2">
         <subfield code="a">Genetic Association Studies</subfield>
      </datafield>
      <datafield tag="650" ind1=" " ind2="2">
         <subfield code="a">Genetic Loci</subfield>
      </datafield>
      <datafield tag="650" ind1=" " ind2="2">
         <subfield code="a">Genetic Variation</subfield>
      </datafield>
      <datafield tag="650" ind1=" " ind2="2">
         <subfield code="a">Genetics, Population</subfield>
      </datafield>
      <datafield tag="650" ind1=" " ind2="2">
         <subfield code="a">Geography</subfield>
      </datafield>
      <datafield tag="650" ind1=" " ind2="2">
         <subfield code="a">Microsatellite Repeats</subfield>
      </datafield>
      <datafield tag="650" ind1=" " ind2="2">
         <subfield code="a">Phenotype</subfield>
      </datafield>
      <datafield tag="650" ind1=" " ind2="2">
         <subfield code="a">Quantitative Trait, Heritable</subfield>
      </datafield>
      <datafield tag="651" ind1=" " ind2="3">
         <subfield code="a">Argentina</subfield>
      </datafield>
      <datafield tag="651" ind1=" " ind2="0">
         <subfield code="a">Argentina</subfield>
      </datafield>
      <datafield tag="700" ind1="1" ind2=" ">
         <subfield code="a">PRINZ, KATHLEEN</subfield>
         <subfield code="e">author</subfield>
      </datafield>
      <datafield tag="700" ind1="1" ind2=" ">
         <subfield code="a">BARRANDEGUY, MARÍA EUGENIA</subfield>
         <subfield code="e">author</subfield>
      </datafield>
      <datafield tag="700" ind1="1" ind2=" ">
         <subfield code="a">MIRETTI, MARCOS</subfield>
         <subfield code="e">author</subfield>
      </datafield>
      <datafield tag="700" ind1="1" ind2=" ">
         <subfield code="a">FINKELDEY, REINER</subfield>
         <subfield code="e">author</subfield>
      </datafield>
      <datafield tag="773" ind1="0" ind2=" ">
         <subfield code="t">Journal of genetics.</subfield>
         <subfield code="g">2014 Apr., v. 93, no. 1 p.123-132</subfield>
         <subfield code="d">Springer-Verlag</subfield>
         <subfield code="x">0022-1333</subfield>
         <subfield code="7">nnas</subfield>
      </datafield>
      <datafield tag="787" ind1="1" ind2=" ">
         <subfield code="o">islandora_article_repository</subfield>
      </datafield>
      <datafield tag="787" ind1="1" ind2=" ">
         <subfield code="o">product_pubag</subfield>
      </datafield>
      <datafield tag="787" ind1="1" ind2=" ">
         <subfield code="o">(Journal)jnl16319</subfield>
      </datafield>
      <datafield tag="856" ind1="4" ind2="0">
         <subfield code="u">http://dx.doi.org/10.1007/s12041-014-0347-2</subfield>
      </datafield>
      <datafield tag="912" ind1=" " ind2=" ">
         <subfield code="a">Article</subfield>
      </datafield>
      <datafield tag="914" ind1=" " ind2=" ">
         <subfield code="a">Journal:jnl16319</subfield>
         <subfield code="b">0022-1333</subfield>
         <subfield code="c">93</subfield>
         <subfield code="d">1</subfield>
         <subfield code="e">123</subfield>
      </datafield>
      <datafield tag="914" ind1=" " ind2=" ">
         <subfield code="f">Journal of genetics</subfield>
      </datafield>
      <datafield tag="916" ind1=" " ind2=" ">
         <subfield code="a">Batch:794</subfield>
      </datafield>
      <datafield tag="917" ind1=" " ind2=" ">
         <subfield code="a">issued</subfield>
      </datafield>
      <datafield tag="918" ind1="2" ind2=" ">
         <subfield code="a">Springer</subfield>
         <subfield code="e">provider</subfield>
         <subfield code="5">DNAL</subfield>
      </datafield>
      <datafield tag="935" ind1=" " ind2=" ">
         <subfield code="a">IND500905068</subfield>
         <subfield code="9">ExL</subfield>
      </datafield>
      <datafield tag="949" ind1=" " ind2=" ">
         <subfield code="a">2015-02-27</subfield>
      </datafield>
      <datafield tag="951" ind1=" " ind2=" ">
         <subfield code="a">2014-06-20</subfield>
      </datafield>
      <datafield tag="953" ind1=" " ind2=" ">
         <subfield code="a">ftp_PUB_14-06-20_05-40-10.zip</subfield>
      </datafield>
      <datafield tag="962" ind1=" " ind2=" ">
         <subfield code="a">Journal title changed from 'J Genet'</subfield>
      </datafield>
      <datafield tag="962" ind1=" " ind2=" ">
         <subfield code="a">Batch:794 annotated on 2015-02-01T12:17:34Z</subfield>
      </datafield>
      <datafield tag="962" ind1=" " ind2=" ">
         <subfield code="a">Batch:794 reviewed on 2015-02-25T16:00:03Z</subfield>
      </datafield>
      <datafield tag="962" ind1=" " ind2=" ">
         <subfield code="a">Batch:794 reviewed on 2015-02-27T11:00:02Z</subfield>
      </datafield>
      <datafield tag="974" ind1=" " ind2=" ">
         <subfield code="a">agid:361737</subfield>
      </datafield>
      <datafield tag="983" ind1=" " ind2=" ">
         <subfield code="a">2014-06-20</subfield>
      </datafield>
      <datafield tag="984" ind1=" " ind2=" ">
         <subfield code="a">2015-02-27</subfield>
      </datafield>
   </record>