
   <!--Record: 65-->
   <record>
      <leader>05482nab a2200745 u 4500</leader>
      <controlfield tag="001">9916304332007426</controlfield>
      <controlfield tag="005">20221118103949.0</controlfield>
      <controlfield tag="008">150518s2015 xx |||||o|||||||||||eng||</controlfield>
      <datafield tag="016" ind1="7" ind2=" ">
         <subfield code="a">IND601330778</subfield>
         <subfield code="2">DNAL</subfield>
      </datafield>
      <datafield tag="024" ind1="7" ind2=" ">
         <subfield code="a">10.1071/RJ14119</subfield>
         <subfield code="2">doi</subfield>
      </datafield>
      <datafield tag="035" ind1=" " ind2=" ">
         <subfield code="a">agid:1330778-01nal_inst</subfield>
      </datafield>
      <datafield tag="040" ind1=" " ind2=" ">
         <subfield code="a">AGL</subfield>
         <subfield code="b">eng</subfield>
         <subfield code="c">AGL</subfield>
      </datafield>
      <datafield tag="100" ind1="1" ind2=" ">
         <subfield code="a">Waters, C. M.</subfield>
         <subfield code="u">New South Wales Department of Primary Industries, PMB 19, Trangie, NSW
        2823, Australia.</subfield>
      </datafield>
      <datafield tag="245" ind1="1" ind2="4">
         <subfield code="a">The relationship between soil organic carbon and soil surface
        characteristics in the semi-arid rangelands of southern Australia</subfield>
      </datafield>
      <datafield tag="300" ind1=" " ind2=" ">
         <subfield code="a">p. 297-307.</subfield>
      </datafield>
      <datafield tag="520" ind1=" " ind2=" ">
         <subfield code="a">The potential carbon sequestration in rangelands is largely due to the
        extensive areas they occupy, even though levels of soil organic carbon (SOC) are low. There
        is considerable uncertainty in achieving this potential due to the inherent patchy spatial
        and temporal distribution of rangeland vegetation and resources. At a paddock scale,
        determining appropriate sampling scales is a critical first step in the accurate estimation
        of size and spatial distribution of stocks of SOC. This issue was addressed by examining the
        spatial distribution of SOC and determining the association of SOC with other site
        characteristics such as ground cover and vegetation. This was done in a pilot study
        conducted in a 136-ha paddock located on the Cobar Pediplain Bioregion in western New South
        Wales, Australia. Each of 104 sites was sampled using a 0.25-m2 quadrat to assess biomass
        and ground cover category (percentage of perennial plants, bare ground, cryptogams, annual
        plants and litter) of a soil core taken from the centre of each quadrat, and proximity to
        trees and shrubs. The soil core was used to determine total organic C (TOC), total N (TN)
        and the C:N ratio at four depths (0–5; 5–10; 10–20; 20–30cm). From the quadrat and ground
        cover categories of the soil cores, six microsite categories were identified using cluster
        analysis: cryptogams; litter (≥25% litter); bare (≥60% bare ground); annual (≥40% annual
        plants); litter-P (≥15% litter and ≥10% perennial plants) and perennial (≥30% perennial
        plants). Microsite, depth in soil profile and the presence of trees and shrubs all had a
        significant (P&lt;0.001) effect on TOC concentration. The predicted means (s.e. of mean) of
        TOC at the soil surface (0–5cm) were perennial 1.26 (0.04) %; litter-P 1.20 (0.05) %; annual
        1.18 (0.06) %; litter 1.12 (0.05) %; bare 1.03 (0.05) % and cryptogams 0.88 (0.06) %. Higher
        concentrations of TOC were associated with the presence of trees and were almost 30% higher
        in close proximity (&lt;1m) to a tree. There was a consistent finding that higher
        concentrations of TOC, TN and the high values of C:N ratio were each associated with higher
        ground cover of perennial plants. The autocorrelation range for soil C stocks was ~30m and
        for categories of ground cover which varied from 10m to over 200m. The spatial predictions
        for ground cover of perennial plants closely mirrored those for C stocks, which were
        22.9MgCha-1 in the top 30cm of soil in this environment. As both tree proximity and ground
        cover had a significant effect on TOC, quantifying the levels of soil organic C at a paddock
        scale will require an understanding of the spatial patterns of vegetation (woody and ground
        cover), which provides a basis for within-paddock stratification before soil
        sampling.</subfield>
      </datafield>
      <datafield tag="592" ind1=" " ind2=" ">
         <subfield code="a">Publisher supplied data</subfield>
      </datafield>
      <datafield tag="593" ind1=" " ind2=" ">
         <subfield code="a">PubAg article</subfield>
      </datafield>
      <datafield tag="650" ind1=" " ind2="3">
         <subfield code="a">annuals</subfield>
      </datafield>
      <datafield tag="650" ind1=" " ind2="3">
         <subfield code="a">autocorrelation</subfield>
      </datafield>
      <datafield tag="650" ind1=" " ind2="3">
         <subfield code="a">biomass</subfield>
      </datafield>
      <datafield tag="650" ind1=" " ind2="3">
         <subfield code="a">carbon nitrogen ratio</subfield>
      </datafield>
      <datafield tag="650" ind1=" " ind2="3">
         <subfield code="a">carbon sequestration</subfield>
      </datafield>
      <datafield tag="650" ind1=" " ind2="3">
         <subfield code="a">carbon sinks</subfield>
      </datafield>
      <datafield tag="650" ind1=" " ind2="3">
         <subfield code="a">cluster analysis</subfield>
      </datafield>
      <datafield tag="650" ind1=" " ind2="3">
         <subfield code="a">cryptogams</subfield>
      </datafield>
      <datafield tag="650" ind1=" " ind2="3">
         <subfield code="a">pastures</subfield>
      </datafield>
      <datafield tag="650" ind1=" " ind2="3">
         <subfield code="a">perennials</subfield>
      </datafield>
      <datafield tag="650" ind1=" " ind2="3">
         <subfield code="a">prediction</subfield>
      </datafield>
      <datafield tag="650" ind1=" " ind2="3">
         <subfield code="a">rangelands</subfield>
      </datafield>
      <datafield tag="650" ind1=" " ind2="3">
         <subfield code="a">shrubs</subfield>
      </datafield>
      <datafield tag="650" ind1=" " ind2="3">
         <subfield code="a">soil depth</subfield>
      </datafield>
      <datafield tag="650" ind1=" " ind2="3">
         <subfield code="a">soil organic carbon</subfield>
      </datafield>
      <datafield tag="650" ind1=" " ind2="3">
         <subfield code="a">soil profiles</subfield>
      </datafield>
      <datafield tag="650" ind1=" " ind2="3">
         <subfield code="a">soil sampling</subfield>
      </datafield>
      <datafield tag="650" ind1=" " ind2="3">
         <subfield code="a">trees</subfield>
      </datafield>
      <datafield tag="650" ind1=" " ind2="3">
         <subfield code="a">uncertainty</subfield>
      </datafield>
      <datafield tag="650" ind1=" " ind2="3">
         <subfield code="a">vegetation cover</subfield>
      </datafield>
      <datafield tag="651" ind1=" " ind2="3">
         <subfield code="a">New South Wales</subfield>
      </datafield>
      <datafield tag="653" ind1=" " ind2="0">
         <subfield code="a">carbon sequestration</subfield>
      </datafield>
      <datafield tag="653" ind1=" " ind2="0">
         <subfield code="a">ground cover</subfield>
      </datafield>
      <datafield tag="653" ind1=" " ind2="0">
         <subfield code="a">methodology</subfield>
      </datafield>
      <datafield tag="700" ind1="1" ind2=" ">
         <subfield code="a">Melville, G. J.</subfield>
         <subfield code="u">New South Wales Department of Primary Industries, PMB 19, Trangie, NSW
        2823, Australia.</subfield>
      </datafield>
      <datafield tag="700" ind1="1" ind2=" ">
         <subfield code="a">Orgill, S. E.</subfield>
         <subfield code="u">New South Wales Department of Primary Industries, Pine Gully Road, Wagga
        Wagga, NSW 2650, Australia.</subfield>
      </datafield>
      <datafield tag="700" ind1="1" ind2=" ">
         <subfield code="a">Alemseged, Y.</subfield>
         <subfield code="u">New South Wales Department of Primary Industries, PMB 19, Trangie, NSW
        2823, Australia.</subfield>
      </datafield>
      <datafield tag="773" ind1="0" ind2=" ">
         <subfield code="t">Rangeland journal.</subfield>
         <subfield code="g">2015, v. 37, no. 3 p.297-307</subfield>
         <subfield code="d">CSIRO Publishing</subfield>
         <subfield code="x">1036-9872</subfield>
         <subfield code="7">nnas</subfield>
      </datafield>
      <datafield tag="787" ind1="1" ind2=" ">
         <subfield code="o">islandora_article_repository</subfield>
      </datafield>
      <datafield tag="787" ind1="1" ind2=" ">
         <subfield code="o">product_pubag</subfield>
      </datafield>
      <datafield tag="787" ind1="1" ind2=" ">
         <subfield code="o">(Journal)jnl47351</subfield>
      </datafield>
      <datafield tag="856" ind1="4" ind2="0">
         <subfield code="u">http://dx.doi.org/10.1071/RJ14119</subfield>
         <subfield code="3">Available from publisher's site</subfield>
      </datafield>
      <datafield tag="912" ind1=" " ind2=" ">
         <subfield code="a">Article</subfield>
      </datafield>
      <datafield tag="914" ind1=" " ind2=" ">
         <subfield code="a">Journal:jnl47351</subfield>
         <subfield code="b">1036-9872</subfield>
         <subfield code="c">37</subfield>
         <subfield code="d">3</subfield>
         <subfield code="e">297</subfield>
      </datafield>
      <datafield tag="914" ind1=" " ind2=" ">
         <subfield code="f">Rangeland journal</subfield>
      </datafield>
      <datafield tag="916" ind1=" " ind2=" ">
         <subfield code="a">Batch:932</subfield>
      </datafield>
      <datafield tag="917" ind1=" " ind2=" ">
         <subfield code="a">issued</subfield>
      </datafield>
      <datafield tag="918" ind1="2" ind2=" ">
         <subfield code="a">Commonwealth Scientific and Industrial Research Organisation
        (CSIRO)</subfield>
         <subfield code="e">provider</subfield>
         <subfield code="5">DNAL</subfield>
      </datafield>
      <datafield tag="935" ind1=" " ind2=" ">
         <subfield code="a">IND601330778</subfield>
         <subfield code="9">ExL</subfield>
      </datafield>
      <datafield tag="949" ind1=" " ind2=" ">
         <subfield code="a">2015-07-08</subfield>
      </datafield>
      <datafield tag="953" ind1=" " ind2=" ">
         <subfield code="a">RJ_37_3.ZIP</subfield>
      </datafield>
      <datafield tag="962" ind1=" " ind2=" ">
         <subfield code="a">Journal title changed from 'The Rangeland Journal'</subfield>
      </datafield>
      <datafield tag="962" ind1=" " ind2=" ">
         <subfield code="a">Batch:932 reviewed on 2015-07-08T04:00:03Z</subfield>
      </datafield>
      <datafield tag="962" ind1=" " ind2=" ">
         <subfield code="a">Batch:932 reviewed on 2015-07-08T11:00:03Z</subfield>
      </datafield>
      <datafield tag="974" ind1=" " ind2=" ">
         <subfield code="a">agid:1330778</subfield>
      </datafield>
      <datafield tag="983" ind1=" " ind2=" ">
         <subfield code="a">2015-05-18</subfield>
      </datafield>
      <datafield tag="984" ind1=" " ind2=" ">
         <subfield code="a">2015-07-08</subfield>
      </datafield>
   </record>