
   <!--Record: 66-->
   <record>
      <leader>05594nab a2200685 u 4500</leader>
      <controlfield tag="001">9916304622007426</controlfield>
      <controlfield tag="005">20221118112228.0</controlfield>
      <controlfield tag="008">220205e20220301xx |||||o|||||||||||eng||</controlfield>
      <datafield tag="016" ind1="7" ind2=" ">
         <subfield code="a">IND607611503</subfield>
         <subfield code="2">DNAL</subfield>
      </datafield>
      <datafield tag="024" ind1="7" ind2=" ">
         <subfield code="a">10.1016/j.foreco.2021.119980</subfield>
         <subfield code="2">doi</subfield>
      </datafield>
      <datafield tag="035" ind1=" " ind2=" ">
         <subfield code="a">agid:7611503-01nal_inst</subfield>
      </datafield>
      <datafield tag="040" ind1=" " ind2=" ">
         <subfield code="a">AGL</subfield>
         <subfield code="b">eng</subfield>
         <subfield code="c">AGL</subfield>
      </datafield>
      <datafield tag="100" ind1="1" ind2=" ">
         <subfield code="a">Paluch, J.</subfield>
         <subfield code="e">author</subfield>
         <subfield code="1">https://orcid.org/0000-0001-7675-0623</subfield>
      </datafield>
      <datafield tag="245" ind1="1" ind2="0">
         <subfield code="a">Does natural stand dynamics generate an aggregated pattern of canopy
        openness? A case study in Abies-Picea-Fagus old-growth forests</subfield>
      </datafield>
      <datafield tag="520" ind1=" " ind2=" ">
         <subfield code="a">The action of many agents causing the mortality of overstory trees may
        potentially induce the formation of an aggregated distribution of canopy gaps. In this study
        we tested the hypothesis that natural stand dynamics generates an aggregated pattern of
        canopy openness in old-growth forests formed by Fagus sylvatica L., Abies alba Mill. and
        Picea abies (L.) H. Karst. We compared canopy openness and its spatial heterogeneity in five
        stands in the Western Carpathians (Central Europe) and three stands in the Dinaric Mountains
        (Southeast Europe). The stands were between 4.48 and 9.24 ha in size. In each stand we took
        hemispheric photographs in a regular 20 × 20 m grid in the leafless period to minimize
        coverage by the understory. Tree species and the dbh of live trees of dbh ≥7 cm were
        recorded on circular plots with a radius of 7 m centered at the grid points. At the stage of
        picture processing, understory trees of dbh &lt;25 cm and polar coordinates recorded during
        field measurements were removed from the pictures, and for every grid point the local canopy
        openness of the overstory layer was determined in the sky region defined by a zenith angle
        of 15°. We characterized the spatial pattern of canopy openness by using variograms and
        Moran’s I coefficients and tested the spatial dependence in the distribution patterns of
        grid points characterized by different levels of canopy openness. Depending on the stand,
        mean canopy openness varied between 17.5 and 41.0%, with the greatest values recorded in the
        Carpathian stands with a considerable proportion of Norway spruce and a more severe
        disturbance regime. Relationships between canopy openness and the overall number, basal area
        or volume of trees forming the overstory were strongly modified by variation in the density
        and species percentage in the mid-canopy zone. In all the stands small-scale variation
        determined for inter-point distances of 20 m accounted for the majority of the total
        variation in canopy heterogeneity and ranged between 61 and 100%. We found a tendency to
        form random patterns of canopy openness in the Dinaric stands, which were characterized by a
        greater basal area and probably also lower frequency of severe disturbances, and aggregated
        patterns in the Carpathian stands, which were characterized by a smaller basal area driven
        by more severe disturbances. The revealed spatial dependence in canopy openness may suggest
        that in the studied ecosystem canopy gaps are not only a legacy of the mortality of canopy
        trees but also self-organizing structural elements which, under a more severe disturbance
        regime, can affect the mortality rate in their neighbourhood. Nonetheless, the percentage of
        spatially structured variability in canopy openness observable at scales larger than the
        grid spacing used in our study was insignificant (83% on average). The close-to-random
        pattern of canopy heterogeneity may weaken the spatio-temporal synchronization of the
        juvenile growth, maturation and senescence of neighbouring trees and counteract the
        formation of coarse-grained patch mosaics.</subfield>
      </datafield>
      <datafield tag="592" ind1=" " ind2=" ">
         <subfield code="a">Publisher supplied data</subfield>
      </datafield>
      <datafield tag="593" ind1=" " ind2=" ">
         <subfield code="a">PubAg article</subfield>
      </datafield>
      <datafield tag="650" ind1=" " ind2="3">
         <subfield code="a">Abies alba</subfield>
      </datafield>
      <datafield tag="650" ind1=" " ind2="3">
         <subfield code="a">Fagus sylvatica</subfield>
      </datafield>
      <datafield tag="650" ind1=" " ind2="3">
         <subfield code="a">Picea abies</subfield>
      </datafield>
      <datafield tag="650" ind1=" " ind2="3">
         <subfield code="a">administrative management</subfield>
      </datafield>
      <datafield tag="650" ind1=" " ind2="3">
         <subfield code="a">case studies</subfield>
      </datafield>
      <datafield tag="650" ind1=" " ind2="3">
         <subfield code="a">ecosystems</subfield>
      </datafield>
      <datafield tag="650" ind1=" " ind2="3">
         <subfield code="a">forest ecology</subfield>
      </datafield>
      <datafield tag="650" ind1=" " ind2="3">
         <subfield code="a">juveniles</subfield>
      </datafield>
      <datafield tag="650" ind1=" " ind2="3">
         <subfield code="a">mortality</subfield>
      </datafield>
      <datafield tag="650" ind1=" " ind2="3">
         <subfield code="a">overstory</subfield>
      </datafield>
      <datafield tag="650" ind1=" " ind2="3">
         <subfield code="a">spatial variation</subfield>
      </datafield>
      <datafield tag="650" ind1=" " ind2="3">
         <subfield code="a">trees</subfield>
      </datafield>
      <datafield tag="650" ind1=" " ind2="3">
         <subfield code="a">understory</subfield>
      </datafield>
      <datafield tag="651" ind1=" " ind2="3">
         <subfield code="a">Carpathian region</subfield>
      </datafield>
      <datafield tag="651" ind1=" " ind2="3">
         <subfield code="a">Central European region</subfield>
      </datafield>
      <datafield tag="651" ind1=" " ind2="3">
         <subfield code="a">Southern European region</subfield>
      </datafield>
      <datafield tag="653" ind1=" " ind2="0">
         <subfield code="a">Patch mosaic</subfield>
      </datafield>
      <datafield tag="653" ind1=" " ind2="0">
         <subfield code="a">Developmental cycle</subfield>
      </datafield>
      <datafield tag="653" ind1=" " ind2="0">
         <subfield code="a">Spatial pattern</subfield>
      </datafield>
      <datafield tag="653" ind1=" " ind2="0">
         <subfield code="a">Structural diversity</subfield>
      </datafield>
      <datafield tag="653" ind1=" " ind2="0">
         <subfield code="a">Disturbance</subfield>
      </datafield>
      <datafield tag="653" ind1=" " ind2="0">
         <subfield code="a">Multiaged forests</subfield>
      </datafield>
      <datafield tag="700" ind1="1" ind2=" ">
         <subfield code="a">Jastrzębski, R.</subfield>
         <subfield code="e">author</subfield>
         <subfield code="u">Faculty of Forestry, University of Agriculture, Al. 29 Listopada 46, 31–425
        Krakow, Poland</subfield>
         <subfield code="1">https://orcid.org/0000-0001-5163-6189</subfield>
      </datafield>
      <datafield tag="773" ind1="0" ind2=" ">
         <subfield code="t">Forest ecology and management.</subfield>
         <subfield code="g">2022 Mar. 01, v. 507 p.119980-</subfield>
         <subfield code="d">Elsevier B.V.</subfield>
         <subfield code="w">Journal:jnl9013</subfield>
         <subfield code="x">0378-1127</subfield>
         <subfield code="7">nnas</subfield>
      </datafield>
      <datafield tag="787" ind1="1" ind2=" ">
         <subfield code="o">islandora_article_repository</subfield>
      </datafield>
      <datafield tag="787" ind1="1" ind2=" ">
         <subfield code="o">product_pubag</subfield>
      </datafield>
      <datafield tag="787" ind1="1" ind2=" ">
         <subfield code="o">(Journal)jnl9013</subfield>
      </datafield>
      <datafield tag="856" ind1="4" ind2="0">
         <subfield code="u">https://dx.doi.org/10.1016/j.foreco.2021.119980</subfield>
         <subfield code="3">Available from publisher's site</subfield>
      </datafield>
      <datafield tag="912" ind1=" " ind2=" ">
         <subfield code="a">Article</subfield>
      </datafield>
      <datafield tag="914" ind1=" " ind2=" ">
         <subfield code="a">Journal:jnl9013</subfield>
         <subfield code="b">0378-1127</subfield>
         <subfield code="e">119980</subfield>
      </datafield>
      <datafield tag="914" ind1=" " ind2=" ">
         <subfield code="f">Forest ecology and management</subfield>
      </datafield>
      <datafield tag="916" ind1=" " ind2=" ">
         <subfield code="a">Batch:10220</subfield>
      </datafield>
      <datafield tag="917" ind1=" " ind2=" ">
         <subfield code="a">issued</subfield>
      </datafield>
      <datafield tag="918" ind1="2" ind2=" ">
         <subfield code="a">Elsevier Consyn</subfield>
         <subfield code="e">provider</subfield>
         <subfield code="5">DNAL</subfield>
      </datafield>
      <datafield tag="935" ind1=" " ind2=" ">
         <subfield code="a">IND607611503</subfield>
         <subfield code="9">ExL</subfield>
      </datafield>
      <datafield tag="949" ind1=" " ind2=" ">
         <subfield code="a">2022-02-23</subfield>
      </datafield>
      <datafield tag="952" ind1=" " ind2=" ">
         <subfield code="d">NAL-AP-2-clean</subfield>
      </datafield>
      <datafield tag="953" ind1=" " ind2=" ">
         <subfield code="a">/data/metadata/incoming/consyn/147571087649219971-00004-HEAD-ONLY-NEW
        CONSYN ISSNS.zip</subfield>
      </datafield>
      <datafield tag="954" ind1=" " ind2=" ">
         <subfield code="a">file:/data/metadata/staging/consyn/S0378112721010732.xml</subfield>
      </datafield>
      <datafield tag="955" ind1=" " ind2=" ">
         <subfield code="a">/data/metadata/staging/consyn/</subfield>
      </datafield>
      <datafield tag="974" ind1=" " ind2=" ">
         <subfield code="a">agid:7611503</subfield>
      </datafield>
      <datafield tag="983" ind1=" " ind2=" ">
         <subfield code="a">2022-02-05</subfield>
      </datafield>
      <datafield tag="984" ind1=" " ind2=" ">
         <subfield code="a">2022-02-21</subfield>
      </datafield>
   </record>