
   <!--Record: 73-->
   <record>
      <leader>04313nab a2200685 u 4500</leader>
      <controlfield tag="001">9916306786607426</controlfield>
      <controlfield tag="005">20221118060215.0</controlfield>
      <controlfield tag="008">080502e200805 xx |||||o|||||||||||eng||</controlfield>
      <datafield tag="016" ind1="7" ind2=" ">
         <subfield code="a">IND44051791</subfield>
         <subfield code="2">DNAL</subfield>
      </datafield>
      <datafield tag="024" ind1="7" ind2=" ">
         <subfield code="a">18713422</subfield>
         <subfield code="2">pmid</subfield>
      </datafield>
      <datafield tag="024" ind1="7" ind2=" ">
         <subfield code="a">10.1111/j.1744-7909.2008.00663.x</subfield>
         <subfield code="2">doi</subfield>
      </datafield>
      <datafield tag="035" ind1=" " ind2=" ">
         <subfield code="a">agid:561007-01nal_inst</subfield>
      </datafield>
      <datafield tag="040" ind1=" " ind2=" ">
         <subfield code="a">AGL</subfield>
         <subfield code="b">eng</subfield>
         <subfield code="c">AGL</subfield>
      </datafield>
      <datafield tag="100" ind1="1" ind2=" ">
         <subfield code="a">Zhang, Zhi-Dong</subfield>
      </datafield>
      <datafield tag="245" ind1="1" ind2="0">
         <subfield code="a">Spatiotemporal Patterns and Dynamics of Species Richness and Abundance of
        Woody Plant Functional Groups in a Tropical Forest Landscape of Hainan Island, South
        China</subfield>
      </datafield>
      <datafield tag="300" ind1=" " ind2=" ">
         <subfield code="a">p. 547-558.</subfield>
      </datafield>
      <datafield tag="500" ind1=" " ind2=" ">
         <subfield code="a">Includes references</subfield>
      </datafield>
      <datafield tag="520" ind1=" " ind2=" ">
         <subfield code="a">Tropical forests are among the most species-diverse ecosystems on Earth.
        Their structures and ecological functions are complex to understand. Functional group is
        defined as a group of species that play similar roles in an ecosystem. The functional group
        approach has been regarded as an effective way of linking the compositions of complex
        ecosystems with their ecological functions. To understand the variation of functional groups
        in species-rich ecosystems after disturbance, the present study investigated the spatial
        pattern and temporal dynamics of woody plants in a typically fragmented natural forest
        landscape of Hainan Island in South China. The study area was classified into eight
        landscape types based on vegetation type, disturbance manner and the time of recovery. The
        woody plant species were aggregated into seven functional groups based on the growth form,
        successional status and plant size. The results gained from the present study showed that
        all functional groups, except for the emergent and canopy tree species, were present in all
        eight landscape types. Each landscape type had different numbers of dominant functional
        groups. There are similar species richness and stem abundance structure among functional
        groups between mid-successional clear cut lowland rainforest and old growth tropical
        coniferous forest. This similarity exists in selective logged lowland rainforest and
        old-growth lowland rainforest, as well as among landscape types of montane rainforest. The
        functional groups with the same successional status had similar patterns of species richness
        and stem abundance ratios among different landscape types. The variation patterns of
        functional groups along the successional stages in terms of species richness and stem
        abundance among the tropical lowland rainforest landscape types were more similar to each
        other than those in the tropical montane rainforest landscape types. This study provides
        further support for the competition-colonization tradeoff and successional niche theory as
        opposed to models of neutrality and ecological equivalence.</subfield>
      </datafield>
      <datafield tag="593" ind1=" " ind2=" ">
         <subfield code="a">PubAg article</subfield>
      </datafield>
      <datafield tag="650" ind1=" " ind2="3">
         <subfield code="a">canopy</subfield>
      </datafield>
      <datafield tag="650" ind1=" " ind2="3">
         <subfield code="a">ecological function</subfield>
      </datafield>
      <datafield tag="650" ind1=" " ind2="3">
         <subfield code="a">ecosystems</subfield>
      </datafield>
      <datafield tag="650" ind1=" " ind2="3">
         <subfield code="a">models</subfield>
      </datafield>
      <datafield tag="650" ind1=" " ind2="3">
         <subfield code="a">rain forests</subfield>
      </datafield>
      <datafield tag="650" ind1=" " ind2="3">
         <subfield code="a">species diversity</subfield>
      </datafield>
      <datafield tag="650" ind1=" " ind2="3">
         <subfield code="a">trees</subfield>
      </datafield>
      <datafield tag="650" ind1=" " ind2="3">
         <subfield code="a">tropical forests</subfield>
      </datafield>
      <datafield tag="650" ind1=" " ind2="3">
         <subfield code="a">woody plants</subfield>
      </datafield>
      <datafield tag="650" ind1=" " ind2="2">
         <subfield code="a">Biodiversity</subfield>
      </datafield>
      <datafield tag="650" ind1=" " ind2="2">
         <subfield code="a">Geography</subfield>
      </datafield>
      <datafield tag="650" ind1=" " ind2="2">
         <subfield code="a">Plant Stems</subfield>
         <subfield code="x">physiology</subfield>
      </datafield>
      <datafield tag="650" ind1=" " ind2="2">
         <subfield code="a">Plants</subfield>
         <subfield code="x">classification</subfield>
      </datafield>
      <datafield tag="650" ind1=" " ind2="2">
         <subfield code="a">Species Specificity</subfield>
      </datafield>
      <datafield tag="650" ind1=" " ind2="2">
         <subfield code="a">Time Factors</subfield>
      </datafield>
      <datafield tag="650" ind1=" " ind2="2">
         <subfield code="a">Trees</subfield>
      </datafield>
      <datafield tag="650" ind1=" " ind2="2">
         <subfield code="a">Tropical Climate</subfield>
      </datafield>
      <datafield tag="651" ind1=" " ind2="3">
         <subfield code="a">China</subfield>
      </datafield>
      <datafield tag="651" ind1=" " ind2="0">
         <subfield code="a">China</subfield>
      </datafield>
      <datafield tag="700" ind1="1" ind2=" ">
         <subfield code="a">Zang, Run-Guo</subfield>
      </datafield>
      <datafield tag="700" ind1="1" ind2=" ">
         <subfield code="a">Qi, Yao-Dong</subfield>
      </datafield>
      <datafield tag="773" ind1="0" ind2=" ">
         <subfield code="t">Journal of integrative plant biology.</subfield>
         <subfield code="g">2008 May, v. 50, no. 5 p.547-558</subfield>
         <subfield code="d">Blackwell Publishing Asia</subfield>
         <subfield code="x">1672-9072</subfield>
         <subfield code="7">nnas</subfield>
      </datafield>
      <datafield tag="787" ind1="1" ind2=" ">
         <subfield code="o">islandora_article_repository</subfield>
      </datafield>
      <datafield tag="787" ind1="1" ind2=" ">
         <subfield code="o">product_pubag</subfield>
      </datafield>
      <datafield tag="787" ind1="1" ind2=" ">
         <subfield code="o">(Journal)jnl3949844</subfield>
      </datafield>
      <datafield tag="852" ind1=" " ind2=" ">
         <subfield code="a">DNAL</subfield>
      </datafield>
      <datafield tag="856" ind1="4" ind2="0">
         <subfield code="u">http://dx.doi.org/10.1111/j.1744-7909.2008.00663.x</subfield>
      </datafield>
      <datafield tag="912" ind1=" " ind2=" ">
         <subfield code="a">Article</subfield>
      </datafield>
      <datafield tag="914" ind1=" " ind2=" ">
         <subfield code="a">Journal:jnl3949844</subfield>
         <subfield code="b">1672-9072</subfield>
         <subfield code="c">50</subfield>
         <subfield code="d">5</subfield>
         <subfield code="e">547</subfield>
      </datafield>
      <datafield tag="914" ind1=" " ind2=" ">
         <subfield code="f">Journal of integrative plant biology</subfield>
      </datafield>
      <datafield tag="917" ind1=" " ind2=" ">
         <subfield code="a">issued</subfield>
      </datafield>
      <datafield tag="935" ind1=" " ind2=" ">
         <subfield code="a">IND44051791</subfield>
         <subfield code="9">ExL</subfield>
      </datafield>
      <datafield tag="949" ind1=" " ind2=" ">
         <subfield code="a">2014-02-28</subfield>
      </datafield>
      <datafield tag="962" ind1=" " ind2=" ">
         <subfield code="a">Journal ISSN is 1744-7909</subfield>
      </datafield>
      <datafield tag="962" ind1=" " ind2=" ">
         <subfield code="a">Batch:447 annotated on 2014-02-19T10:36:14Z</subfield>
      </datafield>
      <datafield tag="962" ind1=" " ind2=" ">
         <subfield code="a">Batch:447 reviewed on 2014-02-26T11:00:04Z</subfield>
      </datafield>
      <datafield tag="962" ind1=" " ind2=" ">
         <subfield code="a">Batch:447 reviewed on 2014-02-28T11:00:05Z</subfield>
      </datafield>
      <datafield tag="974" ind1=" " ind2=" ">
         <subfield code="a">agid:561007</subfield>
      </datafield>
      <datafield tag="984" ind1=" " ind2=" ">
         <subfield code="a">2009-07-17</subfield>
      </datafield>
      <datafield tag="985" ind1=" " ind2=" ">
         <subfield code="a">Converted from MARCXML to MODS version 3.4 using MARC21slim2MODS3-4.xsl
        (Revision 1.77 2012/03/23)</subfield>
      </datafield>
      <datafield tag="986" ind1=" " ind2=" ">
         <subfield code="a">4051791</subfield>
      </datafield>
   </record>