
   <!--Record: 77-->
   <record>
      <leader>05484nab a2200757 u 4500</leader>
      <controlfield tag="001">9916307006307426</controlfield>
      <controlfield tag="005">20221118060334.0</controlfield>
      <controlfield tag="008">190403e20160601xx |||||o|||||||||||eng||</controlfield>
      <datafield tag="016" ind1="7" ind2=" ">
         <subfield code="a">IND605262317</subfield>
         <subfield code="2">DNAL</subfield>
      </datafield>
      <datafield tag="024" ind1="7" ind2=" ">
         <subfield code="a">10.1016/j.foreco.2016.02.033</subfield>
         <subfield code="2">doi</subfield>
      </datafield>
      <datafield tag="035" ind1=" " ind2=" ">
         <subfield code="a">agid:5262317-01nal_inst</subfield>
      </datafield>
      <datafield tag="040" ind1=" " ind2=" ">
         <subfield code="a">AGL</subfield>
         <subfield code="b">eng</subfield>
         <subfield code="c">AGL</subfield>
      </datafield>
      <datafield tag="100" ind1="1" ind2=" ">
         <subfield code="a">Panayotov, Momchil</subfield>
         <subfield code="e">author</subfield>
         <subfield code="u">University of Forestry, Kliment Ohridski 10 Blvd., 1797 Sofia,
        Bulgaria</subfield>
         <subfield code="1">https://orcid.org/0000-0003-1600-9352</subfield>
      </datafield>
      <datafield tag="245" ind1="1" ind2="0">
         <subfield code="a">Climate extremes during high competition contribute to mortality in
        unmanaged self-thinning Norway spruce stands in Bulgaria</subfield>
      </datafield>
      <datafield tag="300" ind1=" " ind2=" ">
         <subfield code="a">p. 74-88.</subfield>
      </datafield>
      <datafield tag="520" ind1=" " ind2=" ">
         <subfield code="a">Climatic variability often is thought to be most important for ecosystem
        development at ecotones, while competition is thought to be most important farther from
        ecotones, where neighboring plants compete for scarce resources. However, climatic
        variability may also modulate consequences of competition, especially under recent and
        future climate change. Norway spruce (Picea abies) forests are among the most important
        ecosystems in the mountain regions of Europe and provide various ecosystem services. Many of
        these forests are currently in a self-thinning, stem-exclusion phase. Understanding
        processes governing forest dynamics during this phase is necessary for understanding future
        forest structure and processes as well as effects of climatic variability on ongoing forest
        development. We studied growth and mortality patterns in unmanaged 100–150years-old Norway
        spruce forests that originated after stand-replacing disturbances in the Parangalitsa
        Reserve in Bulgaria. We collected data on forest structure and tree ring samples from 648
        live and dead trees (DBH &gt;4cm) to analyze onset, pattern and duration of mortality, as
        well as contributing factors.We found that climate extremes acted together with competition
        to cause sharp growth declines lasting from a few years to several decades and, in some
        cases, eventually led to death. The majority of dead trees had one to several consecutive
        growth declines, most of which initiated in response to extreme summer droughts during
        periods of high within-stand competition (after trees were 40–50years old). Our tree-ring
        analysis revealed that some suppressed trees that died were more drought-sensitive than
        living trees. Other climate extremes such as unusually cold winters or summers also
        contributed to sharp growth reductions in some cases. Trees that died had significantly
        lower initial radial growth, which suggests that in the absence of external disturbances,
        the outcome of mortality in the stem-exclusion stage may be pre-determined from factors that
        determine initial growth rates. Spatial distribution data showed that there was no
        significant aggregation of dead and live trees and that in almost all cases, neither live
        nor dead trees were clustered.Our findings contribute to understanding mortality processes
        in self-thinning subalpine Norway spruce forests in Europe and show that under climate
        change scenarios that include more frequent future droughts, even forests in which
        competition is thought to be the main driver of dynamics, may experience higher rates of
        mortality.</subfield>
      </datafield>
      <datafield tag="592" ind1=" " ind2=" ">
         <subfield code="a">Publisher supplied data</subfield>
      </datafield>
      <datafield tag="593" ind1=" " ind2=" ">
         <subfield code="a">PubAg article</subfield>
      </datafield>
      <datafield tag="650" ind1=" " ind2="3">
         <subfield code="a">Picea abies</subfield>
      </datafield>
      <datafield tag="650" ind1=" " ind2="3">
         <subfield code="a">climate</subfield>
      </datafield>
      <datafield tag="650" ind1=" " ind2="3">
         <subfield code="a">climate change</subfield>
      </datafield>
      <datafield tag="650" ind1=" " ind2="3">
         <subfield code="a">cold</subfield>
      </datafield>
      <datafield tag="650" ind1=" " ind2="3">
         <subfield code="a">data collection</subfield>
      </datafield>
      <datafield tag="650" ind1=" " ind2="3">
         <subfield code="a">dead wood</subfield>
      </datafield>
      <datafield tag="650" ind1=" " ind2="3">
         <subfield code="a">death</subfield>
      </datafield>
      <datafield tag="650" ind1=" " ind2="3">
         <subfield code="a">dendroclimatology</subfield>
      </datafield>
      <datafield tag="650" ind1=" " ind2="3">
         <subfield code="a">drought</subfield>
      </datafield>
      <datafield tag="650" ind1=" " ind2="3">
         <subfield code="a">ecosystem services</subfield>
      </datafield>
      <datafield tag="650" ind1=" " ind2="3">
         <subfield code="a">ecosystems</subfield>
      </datafield>
      <datafield tag="650" ind1=" " ind2="3">
         <subfield code="a">ecotones</subfield>
      </datafield>
      <datafield tag="650" ind1=" " ind2="3">
         <subfield code="a">forests</subfield>
      </datafield>
      <datafield tag="650" ind1=" " ind2="3">
         <subfield code="a">growth rings</subfield>
      </datafield>
      <datafield tag="650" ind1=" " ind2="3">
         <subfield code="a">mortality</subfield>
      </datafield>
      <datafield tag="650" ind1=" " ind2="3">
         <subfield code="a">summer</subfield>
      </datafield>
      <datafield tag="650" ind1=" " ind2="3">
         <subfield code="a">trees</subfield>
      </datafield>
      <datafield tag="650" ind1=" " ind2="3">
         <subfield code="a">winter</subfield>
      </datafield>
      <datafield tag="651" ind1=" " ind2="3">
         <subfield code="a">Bulgaria</subfield>
      </datafield>
      <datafield tag="653" ind1=" " ind2="0">
         <subfield code="a">Tree mortality</subfield>
      </datafield>
      <datafield tag="653" ind1=" " ind2="0">
         <subfield code="a">Competition</subfield>
      </datafield>
      <datafield tag="653" ind1=" " ind2="0">
         <subfield code="a">Climate extremes</subfield>
      </datafield>
      <datafield tag="653" ind1=" " ind2="0">
         <subfield code="a">Tree rings</subfield>
      </datafield>
      <datafield tag="653" ind1=" " ind2="0">
         <subfield code="a">Norway spruce (Picea abies [L. (Karst)]</subfield>
      </datafield>
      <datafield tag="700" ind1="1" ind2=" ">
         <subfield code="a">Kulakowski, Dominik</subfield>
         <subfield code="e">author</subfield>
         <subfield code="u">Graduate School of Geography, Clark University, Worcester, MA 01610,
        USA</subfield>
      </datafield>
      <datafield tag="700" ind1="1" ind2=" ">
         <subfield code="a">Tsvetanov, Nickolay</subfield>
         <subfield code="e">author</subfield>
         <subfield code="u">University of Forestry, Kliment Ohridski 10 Blvd., 1797 Sofia,
        Bulgaria</subfield>
      </datafield>
      <datafield tag="700" ind1="1" ind2=" ">
         <subfield code="a">Krumm, Frank</subfield>
         <subfield code="e">author</subfield>
         <subfield code="u">European Forest Institute (EFICENT), Wonnhaldestrasse 3, Freiburg,
        Germany</subfield>
      </datafield>
      <datafield tag="700" ind1="1" ind2=" ">
         <subfield code="a">Barbeito, Ignacio</subfield>
         <subfield code="e">author</subfield>
         <subfield code="u">INRA, UMR1092, Laboratoire d’Etude des Ressources Forêt Bois (LERFoB),
        Centre INRA de Nancy, Champenoux, France</subfield>
      </datafield>
      <datafield tag="700" ind1="1" ind2=" ">
         <subfield code="a">Bebi, Peter</subfield>
         <subfield code="e">author</subfield>
         <subfield code="u">WSL Institute for Snow and Avalanche Research, SLF, Davos,
        Switzerland</subfield>
      </datafield>
      <datafield tag="773" ind1="0" ind2=" ">
         <subfield code="t">Forest ecology and management.</subfield>
         <subfield code="g">2016 June 01, v. 369 p.74-88</subfield>
         <subfield code="d">Elsevier B.V.</subfield>
         <subfield code="w">Journal:jnl9013</subfield>
         <subfield code="x">0378-1127</subfield>
         <subfield code="7">nnas</subfield>
      </datafield>
      <datafield tag="787" ind1="1" ind2=" ">
         <subfield code="o">islandora_article_repository</subfield>
      </datafield>
      <datafield tag="787" ind1="1" ind2=" ">
         <subfield code="o">product_pubag</subfield>
      </datafield>
      <datafield tag="787" ind1="1" ind2=" ">
         <subfield code="o">(Journal)jnl9013</subfield>
      </datafield>
      <datafield tag="856" ind1="4" ind2="0">
         <subfield code="u">https://dx.doi.org/10.1016/j.foreco.2016.02.033</subfield>
         <subfield code="3">Available from publisher's site</subfield>
      </datafield>
      <datafield tag="912" ind1=" " ind2=" ">
         <subfield code="a">Article</subfield>
      </datafield>
      <datafield tag="914" ind1=" " ind2=" ">
         <subfield code="a">Journal:jnl9013</subfield>
         <subfield code="b">0378-1127</subfield>
         <subfield code="c">369</subfield>
         <subfield code="e">74</subfield>
      </datafield>
      <datafield tag="914" ind1=" " ind2=" ">
         <subfield code="f">Forest ecology and management</subfield>
      </datafield>
      <datafield tag="916" ind1=" " ind2=" ">
         <subfield code="a">Batch:1427</subfield>
      </datafield>
      <datafield tag="917" ind1=" " ind2=" ">
         <subfield code="a">issued</subfield>
      </datafield>
      <datafield tag="918" ind1="2" ind2=" ">
         <subfield code="a">Elsevier Consyn</subfield>
         <subfield code="e">provider</subfield>
         <subfield code="5">DNAL</subfield>
      </datafield>
      <datafield tag="935" ind1=" " ind2=" ">
         <subfield code="a">IND605262317</subfield>
         <subfield code="9">ExL</subfield>
      </datafield>
      <datafield tag="949" ind1=" " ind2=" ">
         <subfield code="a">2019-04-03</subfield>
      </datafield>
      <datafield tag="953" ind1=" " ind2=" ">
         <subfield code="a">/data/metadata/incoming/consyn-backfiles/46-2-00065-HEAD-ONLY.zip</subfield>
      </datafield>
      <datafield tag="954" ind1=" " ind2=" ">
         <subfield code="a">file:/data/metadata/staging/consyn-backfiles/S0378112716300548.xml</subfield>
      </datafield>
      <datafield tag="955" ind1=" " ind2=" ">
         <subfield code="a">/data/metadata/staging/consyn-backfiles/</subfield>
      </datafield>
      <datafield tag="974" ind1=" " ind2=" ">
         <subfield code="a">agid:5262317</subfield>
      </datafield>
      <datafield tag="983" ind1=" " ind2=" ">
         <subfield code="a">2019-04-03</subfield>
      </datafield>
      <datafield tag="984" ind1=" " ind2=" ">
         <subfield code="a">2019-04-03</subfield>
      </datafield>
   </record>