
   <!--Record: 82-->
   <record>
      <leader>06212nab a2200769 u 4500</leader>
      <controlfield tag="001">9916307853207426</controlfield>
      <controlfield tag="005">20221118063001.0</controlfield>
      <controlfield tag="008">210603e20210815xx |||||o|||||||||||eng||</controlfield>
      <datafield tag="016" ind1="7" ind2=" ">
         <subfield code="a">IND607375081</subfield>
         <subfield code="2">DNAL</subfield>
      </datafield>
      <datafield tag="024" ind1="7" ind2=" ">
         <subfield code="a">10.1016/j.foreco.2021.119319</subfield>
         <subfield code="2">doi</subfield>
      </datafield>
      <datafield tag="035" ind1=" " ind2=" ">
         <subfield code="a">agid:7375081-01nal_inst</subfield>
      </datafield>
      <datafield tag="040" ind1=" " ind2=" ">
         <subfield code="a">AGL</subfield>
         <subfield code="b">eng</subfield>
         <subfield code="c">AGL</subfield>
      </datafield>
      <datafield tag="100" ind1="1" ind2=" ">
         <subfield code="a">Zangy, Ela</subfield>
         <subfield code="e">author</subfield>
         <subfield code="u">Institute of Plant Sciences, ARO – Volcani Center, Israel</subfield>
      </datafield>
      <datafield tag="245" ind1="1" ind2="0">
         <subfield code="a">Understory plant diversity under variable overstory cover in Mediterranean
        forests at different spatial scales</subfield>
      </datafield>
      <datafield tag="500" ind1=" " ind2=" ">
         <subfield code="a">NAL-AP-2-clean</subfield>
      </datafield>
      <datafield tag="520" ind1=" " ind2=" ">
         <subfield code="a">Mediterranean forest ecosystems are of high conservation value and
        therefore increasingly managed to restore and promote their natural biodiversity and
        complexity. The present study aimed to assess plant species diversity of East-Mediterranean
        conifer forests as affected by overstory cover manipulation at multiple spatial scales.
        Understanding this interaction in water-limited forest ecosystems is particularly
        challenging as overstory-understory relations involve both water and light constrains. The
        experiment was conducted in a mature (40y) planted Pinus halepensis forest in the Jerusalem
        Mountains of Israel. Understory plant community structure was monitored for five years in
        sixteen experimental plots (0.5 ha) representing a range of overstory cover levels (leaf
        area index-LAI = 0–4 m²m⁻²) created by tree thinning. Light and water availability in the
        forest understory were monitored using fisheye camera (irradiance), predawn leaf water
        potential (PLWP) of dominant species and soil water content (SWC) measurements. Plant
        diversity was measured at increasing spatial scales (grain sizes, 0.01–400 m²), using
        hierarchical nested sampling. Irradiance and SWC increased with decreasing LAI while PLWP
        was not affected. Stand-level understory richness (α diversity) increased linearly with
        decreasing LAI, indicating a consistent, positive resource availability-diversity
        relationship. The results pointed towards strong dependency of species richness on light
        availability as compared to its dependency on water availability that was less definite.
        Understory species composition varied across LAI levels (β diversity at the forest level)
        indicating species turnover, mainly between annual herbs benefiting from reduced overstory
        cover vs. woody species benefiting from higher cover. The relationships between overstory
        cover and understory richness and composition were rank-invariant across grain sizes. These
        relationships were stronger at the larger (10, 100, 400 m²) compared to the smaller (0.01,
        0.1, 1 m²) grain sizes. The 10-m² grain-size, corresponding to the crown projection area of
        individual trees, showed the strongest relationship. Observed patterns of overstory
        cover–understory richness suggest that resource availability, rather than spatial resource
        heterogeneity, was the main factor shaping understory diversity. Furthermore, grain-size
        effects on this relationship support “environmental filtering” rather than “resource
        density” as the main mechanism through which reduced overstory cover promoted understory
        diversity.'Synthesis and applications’: Our findings demonstrate the importance of overstory
        cover as a key factor determining plant diversity in water-limited East-Mediterranean
        forests. We highlight the important role of spatial heterogeneity of overstory cover at both
        the stand (intra-plot) and forest (inter-plot) scales and support dynamic variable thinning
        as a management strategy to enhance forest biodiversity and complexity.</subfield>
      </datafield>
      <datafield tag="592" ind1=" " ind2=" ">
         <subfield code="a">Publisher supplied data</subfield>
      </datafield>
      <datafield tag="593" ind1=" " ind2=" ">
         <subfield code="a">PubAg article</subfield>
      </datafield>
      <datafield tag="650" ind1=" " ind2="3">
         <subfield code="a">Pinus halepensis</subfield>
      </datafield>
      <datafield tag="650" ind1=" " ind2="3">
         <subfield code="a">administrative management</subfield>
      </datafield>
      <datafield tag="650" ind1=" " ind2="3">
         <subfield code="a">cameras</subfield>
      </datafield>
      <datafield tag="650" ind1=" " ind2="3">
         <subfield code="a">community structure</subfield>
      </datafield>
      <datafield tag="650" ind1=" " ind2="3">
         <subfield code="a">conifers</subfield>
      </datafield>
      <datafield tag="650" ind1=" " ind2="3">
         <subfield code="a">dominant species</subfield>
      </datafield>
      <datafield tag="650" ind1=" " ind2="3">
         <subfield code="a">leaf area</subfield>
      </datafield>
      <datafield tag="650" ind1=" " ind2="3">
         <subfield code="a">leaf water potential</subfield>
      </datafield>
      <datafield tag="650" ind1=" " ind2="3">
         <subfield code="a">light intensity</subfield>
      </datafield>
      <datafield tag="650" ind1=" " ind2="3">
         <subfield code="a">overstory</subfield>
      </datafield>
      <datafield tag="650" ind1=" " ind2="3">
         <subfield code="a">plant communities</subfield>
      </datafield>
      <datafield tag="650" ind1=" " ind2="3">
         <subfield code="a">soil water content</subfield>
      </datafield>
      <datafield tag="650" ind1=" " ind2="3">
         <subfield code="a">spatial variation</subfield>
      </datafield>
      <datafield tag="650" ind1=" " ind2="3">
         <subfield code="a">species richness</subfield>
      </datafield>
      <datafield tag="650" ind1=" " ind2="3">
         <subfield code="a">trees</subfield>
      </datafield>
      <datafield tag="650" ind1=" " ind2="3">
         <subfield code="a">understory</subfield>
      </datafield>
      <datafield tag="650" ind1=" " ind2="3">
         <subfield code="a">woody plants</subfield>
      </datafield>
      <datafield tag="651" ind1=" " ind2="3">
         <subfield code="a">Israel</subfield>
      </datafield>
      <datafield tag="653" ind1=" " ind2="0">
         <subfield code="a">α diversity</subfield>
      </datafield>
      <datafield tag="653" ind1=" " ind2="0">
         <subfield code="a">β diversity</subfield>
      </datafield>
      <datafield tag="653" ind1=" " ind2="0">
         <subfield code="a">Mediterranean forests</subfield>
      </datafield>
      <datafield tag="653" ind1=" " ind2="0">
         <subfield code="a">Grain size effect</subfield>
      </datafield>
      <datafield tag="653" ind1=" " ind2="0">
         <subfield code="a">Understory richness</subfield>
      </datafield>
      <datafield tag="653" ind1=" " ind2="0">
         <subfield code="a">Species diversity</subfield>
      </datafield>
      <datafield tag="700" ind1="1" ind2=" ">
         <subfield code="a">Kigel, Jaime</subfield>
         <subfield code="e">author</subfield>
         <subfield code="u">The Robert H Smith Faculty of Agriculture, Food and Environment, the Hebrew
        University of Jerusalem, Israel</subfield>
      </datafield>
      <datafield tag="700" ind1="1" ind2=" ">
         <subfield code="a">Cohen, Shabtai</subfield>
         <subfield code="e">author</subfield>
         <subfield code="u">Institute of Soil, Water and Environmental Sciences, Environmental Physics
        and Irrigation, ARO – Volcani Center, Israel</subfield>
      </datafield>
      <datafield tag="700" ind1="1" ind2=" ">
         <subfield code="a">Moshe, Yossef</subfield>
         <subfield code="e">author</subfield>
         <subfield code="u">Institute of Plant Sciences, ARO – Volcani Center, Israel</subfield>
      </datafield>
      <datafield tag="700" ind1="1" ind2=" ">
         <subfield code="a">Ashkenazi, Mor</subfield>
         <subfield code="e">author</subfield>
         <subfield code="u">Institute of Plant Sciences, ARO – Volcani Center, Israel</subfield>
         <subfield code="1">https://orcid.org/0000-0003-3589-8562</subfield>
      </datafield>
      <datafield tag="700" ind1="1" ind2=" ">
         <subfield code="a">Fragman-Sapir, Ori</subfield>
         <subfield code="e">author</subfield>
         <subfield code="u">Jerusalem Botanical Gardens, the Hebrew University of Jerusalem,
        Israel</subfield>
      </datafield>
      <datafield tag="700" ind1="1" ind2=" ">
         <subfield code="a">Osem, Yagil</subfield>
         <subfield code="e">author</subfield>
         <subfield code="u">Institute of Plant Sciences, ARO – Volcani Center, Israel</subfield>
      </datafield>
      <datafield tag="773" ind1="0" ind2=" ">
         <subfield code="t">Forest ecology and management.</subfield>
         <subfield code="g">2021 Aug. 15, v. 494 p.119319-</subfield>
         <subfield code="d">Elsevier B.V.</subfield>
         <subfield code="w">Journal:jnl9013</subfield>
         <subfield code="x">0378-1127</subfield>
         <subfield code="7">nnas</subfield>
      </datafield>
      <datafield tag="787" ind1="1" ind2=" ">
         <subfield code="o">islandora_article_repository</subfield>
      </datafield>
      <datafield tag="787" ind1="1" ind2=" ">
         <subfield code="o">product_pubag</subfield>
      </datafield>
      <datafield tag="787" ind1="1" ind2=" ">
         <subfield code="o">(Journal)jnl9013</subfield>
      </datafield>
      <datafield tag="856" ind1="4" ind2="0">
         <subfield code="u">https://dx.doi.org/10.1016/j.foreco.2021.119319</subfield>
         <subfield code="3">Available from publisher's site</subfield>
      </datafield>
      <datafield tag="912" ind1=" " ind2=" ">
         <subfield code="a">Article</subfield>
      </datafield>
      <datafield tag="914" ind1=" " ind2=" ">
         <subfield code="a">Journal:jnl9013</subfield>
         <subfield code="b">0378-1127</subfield>
         <subfield code="c">494</subfield>
         <subfield code="e">119319</subfield>
      </datafield>
      <datafield tag="914" ind1=" " ind2=" ">
         <subfield code="f">Forest ecology and management</subfield>
      </datafield>
      <datafield tag="916" ind1=" " ind2=" ">
         <subfield code="a">Batch:10148</subfield>
      </datafield>
      <datafield tag="917" ind1=" " ind2=" ">
         <subfield code="a">issued</subfield>
      </datafield>
      <datafield tag="918" ind1="2" ind2=" ">
         <subfield code="a">Elsevier Consyn</subfield>
         <subfield code="e">provider</subfield>
         <subfield code="5">DNAL</subfield>
      </datafield>
      <datafield tag="935" ind1=" " ind2=" ">
         <subfield code="a">IND607375081</subfield>
         <subfield code="9">ExL</subfield>
      </datafield>
      <datafield tag="949" ind1=" " ind2=" ">
         <subfield code="a">2021-06-18</subfield>
      </datafield>
      <datafield tag="953" ind1=" " ind2=" ">
         <subfield code="a">/data/metadata/incoming/consyn/732758293104288987-00003-HEAD-ONLY-NEW
        CONSYN ISSNS.zip</subfield>
      </datafield>
      <datafield tag="954" ind1=" " ind2=" ">
         <subfield code="a">file:/data/metadata/staging/consyn/S0378112721004072.xml</subfield>
      </datafield>
      <datafield tag="955" ind1=" " ind2=" ">
         <subfield code="a">/data/metadata/staging/consyn/</subfield>
      </datafield>
      <datafield tag="974" ind1=" " ind2=" ">
         <subfield code="a">agid:7375081</subfield>
      </datafield>
      <datafield tag="983" ind1=" " ind2=" ">
         <subfield code="a">2021-06-03</subfield>
      </datafield>
      <datafield tag="984" ind1=" " ind2=" ">
         <subfield code="a">2021-06-18</subfield>
      </datafield>
   </record>