
   <!--Record: 85-->
   <record>
      <leader>04723nab a2200601 u 4500</leader>
      <controlfield tag="001">9916308189207426</controlfield>
      <controlfield tag="005">20221118064602.0</controlfield>
      <controlfield tag="008">200904e202008 xx |||||o|||||||||||eng||</controlfield>
      <datafield tag="016" ind1="7" ind2=" ">
         <subfield code="a">IND607092455</subfield>
         <subfield code="2">DNAL</subfield>
      </datafield>
      <datafield tag="024" ind1="7" ind2=" ">
         <subfield code="a">10.1134/S1064229320080128</subfield>
         <subfield code="2">doi</subfield>
      </datafield>
      <datafield tag="035" ind1=" " ind2=" ">
         <subfield code="a">agid:7092455-01nal_inst</subfield>
      </datafield>
      <datafield tag="040" ind1=" " ind2=" ">
         <subfield code="a">AGL</subfield>
         <subfield code="b">eng</subfield>
         <subfield code="c">AGL</subfield>
      </datafield>
      <datafield tag="100" ind1="1" ind2=" ">
         <subfield code="a">Priputina, I. V.</subfield>
         <subfield code="e">author</subfield>
         <subfield code="u">Institute of Physicochemical and Biological Problems of Soil Science,
        142290, Pushchino, Russia. priputina@pbcras.ru</subfield>
      </datafield>
      <datafield tag="245" ind1="1" ind2="0">
         <subfield code="a">Spatial Distribution of Organic Matter and Nitrogen in the Entic Podzols of
        the Prioksko-Terrasnyi Reserve and Its Relationship with the Structure of Forest
        Phytocenoses</subfield>
      </datafield>
      <datafield tag="300" ind1=" " ind2=" ">
         <subfield code="a">p. 1021-1032.</subfield>
      </datafield>
      <datafield tag="500" ind1=" " ind2=" ">
         <subfield code="a">NAL-AP-2-clean</subfield>
      </datafield>
      <datafield tag="520" ind1=" " ind2=" ">
         <subfield code="a">Estimates of the spatial heterogeneity of the organic matter distribution
        in forest soils determined by the influence of the species and spatial structure of
        phytocenoses are relevant for many environmental problems, including the calculation of
        carbon sinks and modeling of the dynamics of forest ecosystems. We analyzed the data on the
        organic carbon (Cₒᵣg) and total nitrogen (Nₜₒₜ) contents in the O (forest litter) and AY
        (humus) horizons of Entic Podzols in the Prioksko-Terrasnyi Reserve (54.89° N, 37.56° E).
        The studied site is located in a coniferous–deciduous forest formed after overgrowing of the
        cutting area of pine stands. We sampled the O and AY horizons along transects between trees
        of different species, i.e., near the trunks, under the crown, and in the intercrown space.
        The contents of Cₒᵣg and Nₜₒₜ in the O horizon varied within 17.6–44.9 and 0.84–1.79%,
        respectively. The ranges for the AY horizon were greater: 0.71–8.5% (Cₒᵣg) and 0.035–0.33%
        (Nₜₒₜ). The relationship between the contents of Cₒᵣg and Nₜₒₜ in the O and AY horizons was
        close to linear (rₛ = 0.72 and rₛ = 0.96, respectively). We also obtained similar C : N
        ratios for the both horizons. The litter thickness and the content of Nₜₒₜ in the O horizon,
        as well as the content of Cₒᵣg in the AY horizon, significantly differed in different parts
        of the transects (P &lt; 0.05). The differences in the litter thickness and the Cₒᵣg content
        in the O horizon under the crowns of different tree species were also significant. In
        samples from the AY horizon taken in intercrown spaces, the Nₜₒₜ content correlated with the
        demand of plant species of the ground cover for soil fertility. The data obtained reflect
        the influence of specific features of spatial patterns of surface and root litterfall in
        multispecies communities of mixed forest stands on the spatial variability of Cₒᵣg and Nₜₒₜ
        contents in soil.</subfield>
      </datafield>
      <datafield tag="592" ind1=" " ind2=" ">
         <subfield code="a">Publisher supplied data</subfield>
      </datafield>
      <datafield tag="593" ind1=" " ind2=" ">
         <subfield code="a">PubAg article</subfield>
      </datafield>
      <datafield tag="650" ind1=" " ind2="3">
         <subfield code="a">Podzols</subfield>
      </datafield>
      <datafield tag="650" ind1=" " ind2="3">
         <subfield code="a">forest litter</subfield>
      </datafield>
      <datafield tag="650" ind1=" " ind2="3">
         <subfield code="a">humus</subfield>
      </datafield>
      <datafield tag="650" ind1=" " ind2="3">
         <subfield code="a">mixed forests</subfield>
      </datafield>
      <datafield tag="650" ind1=" " ind2="3">
         <subfield code="a">nitrogen</subfield>
      </datafield>
      <datafield tag="650" ind1=" " ind2="3">
         <subfield code="a">organic carbon</subfield>
      </datafield>
      <datafield tag="650" ind1=" " ind2="3">
         <subfield code="a">organic horizons</subfield>
      </datafield>
      <datafield tag="650" ind1=" " ind2="3">
         <subfield code="a">soil fertility</subfield>
      </datafield>
      <datafield tag="650" ind1=" " ind2="3">
         <subfield code="a">spatial variation</subfield>
      </datafield>
      <datafield tag="650" ind1=" " ind2="3">
         <subfield code="a">total nitrogen</subfield>
      </datafield>
      <datafield tag="650" ind1=" " ind2="3">
         <subfield code="a">trees</subfield>
      </datafield>
      <datafield tag="700" ind1="1" ind2=" ">
         <subfield code="a">Frolova, G. G.</subfield>
         <subfield code="e">author</subfield>
         <subfield code="u">Institute of Physicochemical and Biological Problems of Soil Science,
        142290, Pushchino, Russia</subfield>
      </datafield>
      <datafield tag="700" ind1="1" ind2=" ">
         <subfield code="a">Shanin, V. N.</subfield>
         <subfield code="e">author</subfield>
         <subfield code="u">Institute of Physicochemical and Biological Problems of Soil Science,
        142290, Pushchino, Russia</subfield>
      </datafield>
      <datafield tag="700" ind1="1" ind2=" ">
         <subfield code="a">Myakshina, T. N.</subfield>
         <subfield code="e">author</subfield>
         <subfield code="u">Institute of Physicochemical and Biological Problems of Soil Science,
        142290, Pushchino, Russia</subfield>
      </datafield>
      <datafield tag="700" ind1="1" ind2=" ">
         <subfield code="a">Grabarnik, P. Ya.</subfield>
         <subfield code="e">author</subfield>
         <subfield code="u">Institute of Physicochemical and Biological Problems of Soil Science,
        142290, Pushchino, Russia</subfield>
      </datafield>
      <datafield tag="773" ind1="0" ind2=" ">
         <subfield code="t">Eurasian soil science.</subfield>
         <subfield code="g">2020 Aug., v. 53, no. 8 p.1021-1032</subfield>
         <subfield code="d">Pleiades Publishing</subfield>
         <subfield code="w">Journal:jnl3978911</subfield>
         <subfield code="x">1064-2293</subfield>
         <subfield code="7">nnas</subfield>
      </datafield>
      <datafield tag="787" ind1="1" ind2=" ">
         <subfield code="o">islandora_article_repository</subfield>
      </datafield>
      <datafield tag="787" ind1="1" ind2=" ">
         <subfield code="o">product_pubag</subfield>
      </datafield>
      <datafield tag="787" ind1="1" ind2=" ">
         <subfield code="o">(Journal)jnl3978911</subfield>
      </datafield>
      <datafield tag="856" ind1="4" ind2="0">
         <subfield code="u">http://dx.doi.org/10.1134/S1064229320080128</subfield>
         <subfield code="3">Available from publisher's site</subfield>
      </datafield>
      <datafield tag="912" ind1=" " ind2=" ">
         <subfield code="a">Article</subfield>
      </datafield>
      <datafield tag="914" ind1=" " ind2=" ">
         <subfield code="a">Journal:jnl3978911</subfield>
         <subfield code="b">1064-2293</subfield>
         <subfield code="c">53</subfield>
         <subfield code="d">8</subfield>
         <subfield code="e">1021</subfield>
      </datafield>
      <datafield tag="914" ind1=" " ind2=" ">
         <subfield code="f">Eurasian soil science</subfield>
      </datafield>
      <datafield tag="916" ind1=" " ind2=" ">
         <subfield code="a">Batch:10146</subfield>
      </datafield>
      <datafield tag="917" ind1=" " ind2=" ">
         <subfield code="a">issued</subfield>
      </datafield>
      <datafield tag="918" ind1="2" ind2=" ">
         <subfield code="a">Springer</subfield>
         <subfield code="e">provider</subfield>
         <subfield code="5">DNAL</subfield>
      </datafield>
      <datafield tag="935" ind1=" " ind2=" ">
         <subfield code="a">IND607092455</subfield>
         <subfield code="9">ExL</subfield>
      </datafield>
      <datafield tag="949" ind1=" " ind2=" ">
         <subfield code="a">2021-06-18</subfield>
      </datafield>
      <datafield tag="953" ind1=" " ind2=" ">
         <subfield code="a">/data/metadata/incoming/springer/ftp_PUB_20-09-04_05-24-29.zip</subfield>
      </datafield>
      <datafield tag="954" ind1=" " ind2=" ">
         <subfield code="a">file:/data/metadata/staging/springer/11475-53-8.xml</subfield>
      </datafield>
      <datafield tag="955" ind1=" " ind2=" ">
         <subfield code="a">/data/metadata/staging/springer/</subfield>
      </datafield>
      <datafield tag="974" ind1=" " ind2=" ">
         <subfield code="a">agid:7092455</subfield>
      </datafield>
      <datafield tag="983" ind1=" " ind2=" ">
         <subfield code="a">2020-09-04</subfield>
      </datafield>
      <datafield tag="984" ind1=" " ind2=" ">
         <subfield code="a">2021-06-18</subfield>
      </datafield>
   </record>