
   <!--Record: 87-->
   <record>
      <leader>04753nab a2200697 u 4500</leader>
      <controlfield tag="001">9916308510507426</controlfield>
      <controlfield tag="005">20221118064515.0</controlfield>
      <controlfield tag="008">141111e20121201xx |||||o|||||||||||eng||</controlfield>
      <datafield tag="016" ind1="7" ind2=" ">
         <subfield code="a">IND500594984</subfield>
         <subfield code="2">DNAL</subfield>
      </datafield>
      <datafield tag="024" ind1="7" ind2=" ">
         <subfield code="a">10.1016/j.foreco.2012.08.025</subfield>
         <subfield code="2">doi</subfield>
      </datafield>
      <datafield tag="035" ind1=" " ind2=" ">
         <subfield code="a">agid:482090-01nal_inst</subfield>
      </datafield>
      <datafield tag="040" ind1=" " ind2=" ">
         <subfield code="a">AGL</subfield>
         <subfield code="b">eng</subfield>
         <subfield code="c">AGL</subfield>
      </datafield>
      <datafield tag="100" ind1="1" ind2=" ">
         <subfield code="a">Holloway, Gillian L.</subfield>
         <subfield code="e">author</subfield>
         <subfield code="u">Fiera Biological Consulting, Unit 200 10318-82 Avenue, Edmonton, AB, Canada
        T6E 1Z8. Electronic address: gillian.holloway@utoronto.ca</subfield>
      </datafield>
      <datafield tag="245" ind1="1" ind2="0">
         <subfield code="a">Influence of forest structure and experimental green-tree retention on
        northern flying squirrel (Glaucomys sabrinus) abundance</subfield>
      </datafield>
      <datafield tag="300" ind1=" " ind2=" ">
         <subfield code="a">p. 187-194.</subfield>
      </datafield>
      <datafield tag="500" ind1=" " ind2=" ">
         <subfield code="a">2019-12-06</subfield>
      </datafield>
      <datafield tag="520" ind1=" " ind2=" ">
         <subfield code="a">In many regions of the world, forest management has shifted from practices
        emphasizing timber production to more sustainable harvesting that integrates ecological
        values, including maintenance of biodiversity, wildlife habitat, and ecological goods and
        services. To this end, management strategies emphasize retention of stand structures that
        meet the needs of forest-obligate wildlife species and enhance connectivity across
        landscapes. However, little is known about the effects on arboreal rodents of varying the
        amount or spatial distribution of retained structures. We quantified the responses of
        northern flying squirrels (Glaucomys sabrinus) to retention harvests of varying levels (15%,
        40%, 75%, and 100% of original basal area) and spatial patterns (trees uniformly dispersed
        vs. aggregated in 1-ha patches), using six experimental treatments replicated at three
        locations in southwestern Oregon and Washington. Relative abundance of northern flying
        squirrels decreased following harvest; minimum number of squirrels known alive (MNKA) in the
        control (100%) and 75% retention treatment was significantly higher than in the 15% or 40%
        treatments. In mixed-effects regression models, MNKA increased with treatment-unit basal
        area and amount of surrounding mature (&gt;80-year-old) forest, suggesting that squirrel
        abundance was influenced by local structure and landscape-scale variables. However, only
        basal area contributed to best-fit models of reproductive female abundance. Our results
        suggest a threshold response of northern flying squirrels to green-tree retention somewhere
        between 40% and 75% that is likely to be influenced by the spatial pattern of retention and
        landscape context. This study underscores previous conclusions that northern flying
        squirrels are sensitive to logging at both local and larger landscape scales, and
        demonstrates the current minimum retention standard of 15% will not provide suitable habitat
        for this species.</subfield>
      </datafield>
      <datafield tag="592" ind1=" " ind2=" ">
         <subfield code="a">Publisher supplied data</subfield>
      </datafield>
      <datafield tag="593" ind1=" " ind2=" ">
         <subfield code="a">PubAg article</subfield>
      </datafield>
      <datafield tag="650" ind1=" " ind2="3">
         <subfield code="a">ecological value</subfield>
      </datafield>
      <datafield tag="650" ind1=" " ind2="3">
         <subfield code="a">harvesting</subfield>
      </datafield>
      <datafield tag="650" ind1=" " ind2="3">
         <subfield code="a">logging</subfield>
      </datafield>
      <datafield tag="650" ind1=" " ind2="3">
         <subfield code="a">squirrels</subfield>
      </datafield>
      <datafield tag="650" ind1=" " ind2="3">
         <subfield code="a">landscapes</subfield>
      </datafield>
      <datafield tag="650" ind1=" " ind2="3">
         <subfield code="a">models</subfield>
      </datafield>
      <datafield tag="650" ind1=" " ind2="3">
         <subfield code="a">regression analysis</subfield>
      </datafield>
      <datafield tag="650" ind1=" " ind2="3">
         <subfield code="a">Glaucomys sabrinus</subfield>
      </datafield>
      <datafield tag="650" ind1=" " ind2="3">
         <subfield code="a">trees</subfield>
      </datafield>
      <datafield tag="650" ind1=" " ind2="3">
         <subfield code="a">wildlife habitats</subfield>
      </datafield>
      <datafield tag="650" ind1=" " ind2="3">
         <subfield code="a">timber production</subfield>
      </datafield>
      <datafield tag="650" ind1=" " ind2="3">
         <subfield code="a">sustainable agriculture</subfield>
      </datafield>
      <datafield tag="650" ind1=" " ind2="3">
         <subfield code="a">biodiversity</subfield>
      </datafield>
      <datafield tag="650" ind1=" " ind2="3">
         <subfield code="a">stand basal area</subfield>
      </datafield>
      <datafield tag="650" ind1=" " ind2="3">
         <subfield code="a">stand structure</subfield>
      </datafield>
      <datafield tag="650" ind1=" " ind2="3">
         <subfield code="a">wildlife</subfield>
      </datafield>
      <datafield tag="651" ind1=" " ind2="3">
         <subfield code="a">Oregon</subfield>
      </datafield>
      <datafield tag="651" ind1=" " ind2="0">
         <subfield code="a">Washington</subfield>
      </datafield>
      <datafield tag="653" ind1=" " ind2="0">
         <subfield code="a">basal area</subfield>
      </datafield>
      <datafield tag="700" ind1="1" ind2=" ">
         <subfield code="a">Smith, Winston P.</subfield>
         <subfield code="e">author</subfield>
         <subfield code="u">Pacific Northwest Research Station, Forestry Sciences Laboratory, Olympia,
        WA 98512, USA</subfield>
      </datafield>
      <datafield tag="700" ind1="1" ind2=" ">
         <subfield code="a">Halpern, Charles B.</subfield>
         <subfield code="e">author</subfield>
         <subfield code="u">School of Environmental and Forest Sciences, University of Washington,
        Seattle, WA 98195, USA</subfield>
      </datafield>
      <datafield tag="700" ind1="1" ind2=" ">
         <subfield code="a">Gitzen, Robert A.</subfield>
         <subfield code="e">author</subfield>
         <subfield code="u">School of Environmental and Forest Sciences, University of Washington,
        Seattle, WA 98195, USA</subfield>
      </datafield>
      <datafield tag="700" ind1="1" ind2=" ">
         <subfield code="a">Maguire, Christine C.</subfield>
         <subfield code="e">author</subfield>
         <subfield code="u">Department of Forest Science, Oregon State University, Corvallis, OR 97331,
        USA</subfield>
      </datafield>
      <datafield tag="700" ind1="1" ind2=" ">
         <subfield code="a">West, Stephen D.</subfield>
         <subfield code="e">author</subfield>
         <subfield code="u">School of Environmental and Forest Sciences, University of Washington,
        Seattle, WA 98195, USA</subfield>
      </datafield>
      <datafield tag="773" ind1="0" ind2=" ">
         <subfield code="t">Forest ecology and management.</subfield>
         <subfield code="g">2012 Dec. 1, v. 285 p.187-194</subfield>
         <subfield code="d">Elsevier B.V.</subfield>
         <subfield code="x">0378-1127</subfield>
         <subfield code="7">nnas</subfield>
      </datafield>
      <datafield tag="787" ind1="1" ind2=" ">
         <subfield code="o">islandora_article_repository</subfield>
      </datafield>
      <datafield tag="787" ind1="1" ind2=" ">
         <subfield code="o">product_pubag</subfield>
      </datafield>
      <datafield tag="787" ind1="1" ind2=" ">
         <subfield code="o">(Journal)jnl9013</subfield>
      </datafield>
      <datafield tag="856" ind1="4" ind2="0">
         <subfield code="u">http://dx.doi.org/10.1016/j.foreco.2012.08.025</subfield>
         <subfield code="3">Available from publisher's site</subfield>
      </datafield>
      <datafield tag="912" ind1=" " ind2=" ">
         <subfield code="a">Article</subfield>
      </datafield>
      <datafield tag="914" ind1=" " ind2=" ">
         <subfield code="a">Journal:jnl9013</subfield>
         <subfield code="b">0378-1127</subfield>
         <subfield code="c">285</subfield>
         <subfield code="e">187</subfield>
      </datafield>
      <datafield tag="914" ind1=" " ind2=" ">
         <subfield code="f">Forest ecology and management</subfield>
      </datafield>
      <datafield tag="917" ind1=" " ind2=" ">
         <subfield code="a">issued</subfield>
      </datafield>
      <datafield tag="918" ind1="2" ind2=" ">
         <subfield code="a">Elsevier B.V.</subfield>
         <subfield code="e">provider</subfield>
         <subfield code="5">DNAL</subfield>
      </datafield>
      <datafield tag="935" ind1=" " ind2=" ">
         <subfield code="a">IND500594984</subfield>
         <subfield code="9">ExL</subfield>
      </datafield>
      <datafield tag="949" ind1=" " ind2=" ">
         <subfield code="a">2013-09-26</subfield>
      </datafield>
      <datafield tag="953" ind1=" " ind2=" ">
         <subfield code="a">NAL27090037811270285000C.xml</subfield>
      </datafield>
      <datafield tag="962" ind1=" " ind2=" ">
         <subfield code="a">Batch:347 annotated on 2013-09-04T16:33:53Z</subfield>
      </datafield>
      <datafield tag="962" ind1=" " ind2=" ">
         <subfield code="a">Batch:347 reviewed on 2013-09-26T16:00:02Z</subfield>
      </datafield>
      <datafield tag="974" ind1=" " ind2=" ">
         <subfield code="a">agid:482090</subfield>
      </datafield>
      <datafield tag="983" ind1=" " ind2=" ">
         <subfield code="a">2014-11-11</subfield>
      </datafield>
      <datafield tag="984" ind1=" " ind2=" ">
         <subfield code="a">2014-11-11</subfield>
      </datafield>
   </record>