
   <!--Record: 88-->
   <record>
      <leader>03584nab a2200553 u 4500</leader>
      <controlfield tag="001">9916308596007426</controlfield>
      <controlfield tag="005">20221118064628.0</controlfield>
      <controlfield tag="008">160620e201607 xx |||||o|||||||||||eng||</controlfield>
      <datafield tag="016" ind1="7" ind2=" ">
         <subfield code="a">IND605234980</subfield>
         <subfield code="2">DNAL</subfield>
      </datafield>
      <datafield tag="024" ind1="7" ind2=" ">
         <subfield code="a">10.1111/nph.13934</subfield>
         <subfield code="2">doi</subfield>
      </datafield>
      <datafield tag="035" ind1=" " ind2=" ">
         <subfield code="a">agid:5234980-01nal_inst</subfield>
      </datafield>
      <datafield tag="040" ind1=" " ind2=" ">
         <subfield code="a">AGL</subfield>
         <subfield code="b">eng</subfield>
         <subfield code="c">AGL</subfield>
      </datafield>
      <datafield tag="100" ind1="1" ind2=" ">
         <subfield code="a">Buckley, Hannah L.</subfield>
         <subfield code="e">author</subfield>
      </datafield>
      <datafield tag="245" ind1="1" ind2="0">
         <subfield code="a">Using codispersion analysis to quantify and understand spatial patterns in
        species–environment relationships</subfield>
      </datafield>
      <datafield tag="300" ind1=" " ind2=" ">
         <subfield code="a">p. 735-749.</subfield>
      </datafield>
      <datafield tag="500" ind1=" " ind2=" ">
         <subfield code="a">JOURNAL ARTICLE</subfield>
      </datafield>
      <datafield tag="500" ind1=" " ind2=" ">
         <subfield code="a">2019-12-06</subfield>
      </datafield>
      <datafield tag="520" ind1=" " ind2=" ">
         <subfield code="a">The analysis of spatial patterns in species–environment relationships can
        provide new insights into the niche requirements and potential co‐occurrence of species, but
        species abundance and environmental data are routinely collected at different spatial
        scales. Here, we investigate the use of codispersion analysis to measure and assess the
        scale, directionality and significance of complex relationships between plants and their
        environment in large forest plots. We applied codispersion analysis to both simulated and
        field data on spatially located tree species basal area and environmental variables. The
        significance of the observed bivariate spatial associations between the basal area of key
        species and underlying environmental variables was tested using three null models.
        Codispersion analysis reliably detected directionality (anisotropy) in bivariate
        species–environment relationships and identified relevant scales of effects. Null
        model‐based significance tests applied to codispersion analyses of forest plot data enabled
        us to infer the extent to which environmental conditions, tree sizes and/or tree spatial
        positions underpinned the observed basal area–environment relationships, or whether
        relationships were a result of other unmeasured factors. Codispersion analysis, combined
        with appropriate null models, can be used to infer hypothesized ecological processes from
        spatial patterns, allowing us to start disentangling the possible drivers of plant
        species–environment relationships.</subfield>
      </datafield>
      <datafield tag="592" ind1=" " ind2=" ">
         <subfield code="a">Publisher supplied data</subfield>
      </datafield>
      <datafield tag="593" ind1=" " ind2=" ">
         <subfield code="a">PubAg article</subfield>
      </datafield>
      <datafield tag="650" ind1=" " ind2="3">
         <subfield code="a">models</subfield>
      </datafield>
      <datafield tag="650" ind1=" " ind2="3">
         <subfield code="a">environmental factors</subfield>
      </datafield>
      <datafield tag="650" ind1=" " ind2="3">
         <subfield code="a">trees</subfield>
      </datafield>
      <datafield tag="650" ind1=" " ind2="3">
         <subfield code="a">stand basal area</subfield>
      </datafield>
      <datafield tag="650" ind1=" " ind2="3">
         <subfield code="a">forests</subfield>
      </datafield>
      <datafield tag="653" ind1=" " ind2="0">
         <subfield code="a">basal area</subfield>
      </datafield>
      <datafield tag="700" ind1="1" ind2=" ">
         <subfield code="a">Case, Bradley S.</subfield>
         <subfield code="e">author</subfield>
      </datafield>
      <datafield tag="700" ind1="1" ind2=" ">
         <subfield code="a">Zimmerman, Jess K.</subfield>
         <subfield code="e">author</subfield>
         <subfield code="u">Department of Environmental Sciences, University of Puerto Rico, San Juan,
        00936, Puerto Rico</subfield>
      </datafield>
      <datafield tag="700" ind1="1" ind2=" ">
         <subfield code="a">Thompson, Jill</subfield>
         <subfield code="e">author</subfield>
      </datafield>
      <datafield tag="700" ind1="1" ind2=" ">
         <subfield code="a">Myers, Jonathan A.</subfield>
         <subfield code="e">author</subfield>
         <subfield code="u">Department of Biology, Washington University in St Louis, St Louis, MO,
        63130, USA</subfield>
      </datafield>
      <datafield tag="700" ind1="1" ind2=" ">
         <subfield code="a">Ellison, Aaron M.</subfield>
         <subfield code="e">author</subfield>
         <subfield code="u">Harvard Forest, Harvard University, 324 North Main Street, Petersham, MA,
        01366, USA</subfield>
      </datafield>
      <datafield tag="773" ind1="0" ind2=" ">
         <subfield code="t">new phytologist.</subfield>
         <subfield code="g">2016 July, v. 211, no. 2 p.735-749</subfield>
         <subfield code="d">John Wiley &amp; Sons, Ltd</subfield>
         <subfield code="x">0028-646X</subfield>
         <subfield code="7">nnas</subfield>
      </datafield>
      <datafield tag="787" ind1="1" ind2=" ">
         <subfield code="o">islandora_article_repository</subfield>
      </datafield>
      <datafield tag="787" ind1="1" ind2=" ">
         <subfield code="o">product_pubag</subfield>
      </datafield>
      <datafield tag="787" ind1="1" ind2=" ">
         <subfield code="o">(Journal)jnl44665</subfield>
      </datafield>
      <datafield tag="856" ind1="4" ind2="0">
         <subfield code="u">http://dx.doi.org/10.1111/nph.13934</subfield>
         <subfield code="3">Available from publisher's site</subfield>
      </datafield>
      <datafield tag="912" ind1=" " ind2=" ">
         <subfield code="a">Article</subfield>
      </datafield>
      <datafield tag="914" ind1=" " ind2=" ">
         <subfield code="a">Journal:jnl44665</subfield>
         <subfield code="b">0028-646X</subfield>
         <subfield code="c">211</subfield>
         <subfield code="d">2</subfield>
         <subfield code="e">735</subfield>
      </datafield>
      <datafield tag="914" ind1=" " ind2=" ">
         <subfield code="f">new phytologist</subfield>
      </datafield>
      <datafield tag="916" ind1=" " ind2=" ">
         <subfield code="a">Batch:1501</subfield>
      </datafield>
      <datafield tag="917" ind1=" " ind2=" ">
         <subfield code="a">issued</subfield>
      </datafield>
      <datafield tag="918" ind1="2" ind2=" ">
         <subfield code="a">John Wiley &amp; Sons, Inc</subfield>
         <subfield code="e">provider</subfield>
         <subfield code="5">DNAL</subfield>
      </datafield>
      <datafield tag="935" ind1=" " ind2=" ">
         <subfield code="a">IND605234980</subfield>
         <subfield code="9">ExL</subfield>
      </datafield>
      <datafield tag="949" ind1=" " ind2=" ">
         <subfield code="a">2017-01-18</subfield>
      </datafield>
      <datafield tag="953" ind1=" " ind2=" ">
         <subfield code="a">0028646X_2016_211_2.xml</subfield>
      </datafield>
      <datafield tag="962" ind1=" " ind2=" ">
         <subfield code="a">Batch:1501 reviewed on 2017-01-18T04:00:02Z</subfield>
      </datafield>
      <datafield tag="974" ind1=" " ind2=" ">
         <subfield code="a">agid:5234980</subfield>
      </datafield>
      <datafield tag="983" ind1=" " ind2=" ">
         <subfield code="a">2016-06-20</subfield>
      </datafield>
      <datafield tag="984" ind1=" " ind2=" ">
         <subfield code="a">2017-01-18</subfield>
      </datafield>
   </record>