
   <!--Record: 89-->
   <record>
      <leader>04477nab a2200649 u 4500</leader>
      <controlfield tag="001">9916308725607426</controlfield>
      <controlfield tag="005">20221118065727.0</controlfield>
      <controlfield tag="008">080227e20080130xx |||||o|||||||||||eng||</controlfield>
      <datafield tag="016" ind1="7" ind2=" ">
         <subfield code="a">IND44019999</subfield>
         <subfield code="2">DNAL</subfield>
      </datafield>
      <datafield tag="024" ind1="7" ind2=" ">
         <subfield code="a">10.1016/j.jhydrol.2007.10.051</subfield>
         <subfield code="2">doi</subfield>
      </datafield>
      <datafield tag="035" ind1=" " ind2=" ">
         <subfield code="a">agid:721937-01nal_inst</subfield>
      </datafield>
      <datafield tag="040" ind1=" " ind2=" ">
         <subfield code="a">AGL</subfield>
         <subfield code="b">eng</subfield>
         <subfield code="c">AGL</subfield>
      </datafield>
      <datafield tag="072" ind1=" " ind2="0">
         <subfield code="a">J200</subfield>
      </datafield>
      <datafield tag="072" ind1=" " ind2="0">
         <subfield code="a">K001</subfield>
      </datafield>
      <datafield tag="072" ind1=" " ind2="0">
         <subfield code="a">F300</subfield>
      </datafield>
      <datafield tag="072" ind1=" " ind2="0">
         <subfield code="a">B200</subfield>
      </datafield>
      <datafield tag="100" ind1="1" ind2=" ">
         <subfield code="a">Shachnovich, Yonit</subfield>
      </datafield>
      <datafield tag="245" ind1="1" ind2="0">
         <subfield code="a">Rainfall interception and spatial distribution of throughfall in a pine
        forest planted in an arid zone</subfield>
      </datafield>
      <datafield tag="300" ind1=" " ind2=" ">
         <subfield code="a">p. 168-177.</subfield>
      </datafield>
      <datafield tag="500" ind1=" " ind2=" ">
         <subfield code="a">Includes references</subfield>
      </datafield>
      <datafield tag="520" ind1=" " ind2=" ">
         <subfield code="a">Afforestation in arid zones is of increasing importance as it is one of the
        favored approaches to combat desertification. Rainfall interception by the canopy plays an
        important role in determining the amount of rainfall reaching the forest floor. The
        throughfall patterns of coniferous forests planted in arid zones have hitherto not been well
        documented. The research site in which the measurements were carried out was located within
        a mature pine forest (Pinus halepensis, Mill) planted in an arid zone (average annual
        precipitation: 280mm and annual class-A evaporation pan: 2500mm). Measurements of
        precipitation, throughfall, stemflow, soil water content and transpiration were recorded
        during three years. Canopy cover was estimated from the analysis of hemispherical
        photographs obtained during the winter. The spatially averaged throughfall, obtained for
        each event from 20 rainfall gauges installed below the canopy was linearly correlated with
        gross rainfall and independent of rainfall intensity. We found that the spatial distribution
        of the throughfall on the forest floor was highly heterogeneous. A fairly consistent
        distribution of throughfall was evident with some gauges steadily showing a higher
        percentage of throughfall than others. However, we could not find any relation between the
        degree of canopy openness (or any other quantifiable canopy characteristic) and the relative
        throughfall. The spatial pattern of throughfall was however found to be significant when
        assessed by means of the “K-means Clustering” analysis. The spatial distribution of water in
        the soil as measured 48h after rainfall events with a neutron gauge was not correlated to
        the distribution of throughfall when each of the measuring points was assessed individually.
        The average throughfall was however well correlated to the average increase in the soil
        water content and indicates that there is some degree of horizontal water movement (overland
        or below ground) within the plot. The results presented suggest that point measurements are
        not the correct tool for water balances of sparse canopy forests and that even for small
        plots horizontal sampling is of the essence. The practical implication of this study is that
        it shows that for this particular site a very large fraction of the rainfall reaches the
        ground and is thus available for plant and/or tree development, a key issue in an area with
        a rainless period of at least six months during which high pan evaporation rates
        prevail.</subfield>
      </datafield>
      <datafield tag="593" ind1=" " ind2=" ">
         <subfield code="a">PubAg article</subfield>
      </datafield>
      <datafield tag="650" ind1=" " ind2="3">
         <subfield code="a">Pinus halepensis</subfield>
      </datafield>
      <datafield tag="650" ind1=" " ind2="3">
         <subfield code="a">forests</subfield>
      </datafield>
      <datafield tag="650" ind1=" " ind2="3">
         <subfield code="a">arid zones</subfield>
      </datafield>
      <datafield tag="650" ind1=" " ind2="3">
         <subfield code="a">rain</subfield>
      </datafield>
      <datafield tag="650" ind1=" " ind2="3">
         <subfield code="a">throughfall</subfield>
      </datafield>
      <datafield tag="650" ind1=" " ind2="3">
         <subfield code="a">spatial variation</subfield>
      </datafield>
      <datafield tag="650" ind1=" " ind2="3">
         <subfield code="a">overstory</subfield>
      </datafield>
      <datafield tag="650" ind1=" " ind2="3">
         <subfield code="a">afforestation</subfield>
      </datafield>
      <datafield tag="650" ind1=" " ind2="3">
         <subfield code="a">forest soils</subfield>
      </datafield>
      <datafield tag="650" ind1=" " ind2="3">
         <subfield code="a">arid soils</subfield>
      </datafield>
      <datafield tag="650" ind1=" " ind2="3">
         <subfield code="a">soil water content</subfield>
      </datafield>
      <datafield tag="651" ind1=" " ind2="3">
         <subfield code="a">Israel</subfield>
      </datafield>
      <datafield tag="653" ind1=" " ind2="0">
         <subfield code="a">rain interception</subfield>
      </datafield>
      <datafield tag="700" ind1="1" ind2=" ">
         <subfield code="a">Berliner, Pedro R.</subfield>
      </datafield>
      <datafield tag="700" ind1="1" ind2=" ">
         <subfield code="a">Bar, Pua</subfield>
      </datafield>
      <datafield tag="773" ind1="0" ind2=" ">
         <subfield code="t">Journal of hydrology.</subfield>
         <subfield code="g">2008 Jan. 30, v. 349, no. 1-2 p.168-177</subfield>
         <subfield code="d">Elsevier</subfield>
         <subfield code="x">0022-1694</subfield>
         <subfield code="7">nnas</subfield>
      </datafield>
      <datafield tag="787" ind1="1" ind2=" ">
         <subfield code="o">islandora_article_repository</subfield>
      </datafield>
      <datafield tag="787" ind1="1" ind2=" ">
         <subfield code="o">product_pubag</subfield>
      </datafield>
      <datafield tag="787" ind1="1" ind2=" ">
         <subfield code="o">(Journal)jnl46539</subfield>
      </datafield>
      <datafield tag="852" ind1=" " ind2=" ">
         <subfield code="a">DNAL</subfield>
      </datafield>
      <datafield tag="856" ind1="4" ind2="0">
         <subfield code="u">http://dx.doi.org/10.1016/j.jhydrol.2007.10.051</subfield>
         <subfield code="3">Available from publisher's Web site</subfield>
      </datafield>
      <datafield tag="912" ind1=" " ind2=" ">
         <subfield code="a">Article</subfield>
      </datafield>
      <datafield tag="914" ind1=" " ind2=" ">
         <subfield code="a">Journal:jnl46539</subfield>
         <subfield code="b">0022-1694</subfield>
         <subfield code="c">349</subfield>
         <subfield code="d">1-2</subfield>
         <subfield code="e">168</subfield>
      </datafield>
      <datafield tag="914" ind1=" " ind2=" ">
         <subfield code="f">Journal of hydrology</subfield>
      </datafield>
      <datafield tag="917" ind1=" " ind2=" ">
         <subfield code="a">issued</subfield>
      </datafield>
      <datafield tag="930" ind1=" " ind2=" ">
         <subfield code="a">20080623</subfield>
         <subfield code="b">20080704</subfield>
         <subfield code="c">00000000</subfield>
      </datafield>
      <datafield tag="935" ind1=" " ind2=" ">
         <subfield code="a">IND44019999</subfield>
         <subfield code="9">ExL</subfield>
      </datafield>
      <datafield tag="945" ind1=" " ind2=" ">
         <subfield code="a">IND</subfield>
         <subfield code="d">RHF</subfield>
         <subfield code="e">2008/06/23</subfield>
      </datafield>
      <datafield tag="946" ind1=" " ind2=" ">
         <subfield code="a">Non-US</subfield>
      </datafield>
      <datafield tag="949" ind1=" " ind2=" ">
         <subfield code="a">2014-07-17</subfield>
      </datafield>
      <datafield tag="952" ind1=" " ind2=" ">
         <subfield code="a">20080623 20080704 00000000</subfield>
         <subfield code="b">IND RHF 2008/06/23</subfield>
      </datafield>
      <datafield tag="974" ind1=" " ind2=" ">
         <subfield code="a">agid:721937</subfield>
      </datafield>
      <datafield tag="984" ind1=" " ind2=" ">
         <subfield code="a">2014-07-24</subfield>
      </datafield>
      <datafield tag="985" ind1=" " ind2=" ">
         <subfield code="a">Converted from MARCXML to MODS version 3.4 using MARC21slim2MODS3-4.xsl
        (Revision 1.95 2014/04/23)</subfield>
      </datafield>
      <datafield tag="986" ind1=" " ind2=" ">
         <subfield code="a">4019999</subfield>
      </datafield>
   </record>