
   <!--Record: 94-->
   <record>
      <leader>03738nab a2200601 u 4500</leader>
      <controlfield tag="001">9916310135807426</controlfield>
      <controlfield tag="005">20221118080247.0</controlfield>
      <controlfield tag="008">090313e200904 xx |||||o|||||||||||eng||</controlfield>
      <datafield tag="016" ind1="7" ind2=" ">
         <subfield code="a">IND44177653</subfield>
         <subfield code="2">DNAL</subfield>
      </datafield>
      <datafield tag="024" ind1="7" ind2=" ">
         <subfield code="a">10.1007/s00468-008-0277-9</subfield>
         <subfield code="2">doi</subfield>
      </datafield>
      <datafield tag="035" ind1=" " ind2=" ">
         <subfield code="a">agid:483520-01nal_inst</subfield>
      </datafield>
      <datafield tag="040" ind1=" " ind2=" ">
         <subfield code="a">AGL</subfield>
         <subfield code="b">eng</subfield>
         <subfield code="c">AGL</subfield>
      </datafield>
      <datafield tag="100" ind1="1" ind2=" ">
         <subfield code="a">Kazda, M.</subfield>
      </datafield>
      <datafield tag="245" ind1="1" ind2="0">
         <subfield code="a">Optimisation of spatial allocation patterns in lianas compared to trees
        used for support</subfield>
      </datafield>
      <datafield tag="300" ind1=" " ind2=" ">
         <subfield code="a">p. 295-304.</subfield>
      </datafield>
      <datafield tag="500" ind1=" " ind2=" ">
         <subfield code="a">Includes references</subfield>
      </datafield>
      <datafield tag="520" ind1=" " ind2=" ">
         <subfield code="a">There are only limited possibilities to study the competition between trees
        and lianas in the top canopy of tropical rain forests. Furthermore, the important question
        how the leaf traits are related to twig support is rarely studied, especially regarding
        growing space partitioning between the self-supporting and the climbing growth form. Our
        study used the hot-air balloon within the “Operation Canopee” in the Masoala National Park,
        Madagascar, to test the differences in spatial allocation patterns of leaves and twigs in
        lianas and tree parts used for support. The sampling design emphasised to obtain a common
        assembly of twigs and leaves from both, trees and lianas. The results from the top canopy
        were compared to the data from the understorey regarding biomass and nutrients in leaves and
        distal twigs. In the understorey the reduction in structural investment was much stronger in
        lianas than in trees. The results showed that lianas reduced carbon investment per volume,
        but increased leaf nitrogen concentration and leaf area ratio (LAR), the latter driven by a
        reduction in leaf mass per area (LMA). In the top canopy, lianas contributed about one third
        of the leaf area density of 3 m² m⁻³. For distal twigs, no relationship was found between
        twig biomass per volume and leaf area density for trees, but lianas balanced both structural
        parameters closely. The climbers benefit from the external support provided by the trees and
        optimise the area of assimilation tissue at low per volume investment for mechanical
        stability. Several traits such as low LMA and high leaf nitrogen concentrations together
        with higher LAR and optimised spatial investment advantage the climbing growth form and
        enable a fast acquisition of growing space. The results emphasize the necessity to consider
        spatial and structural features of growing space acquisition when dealing with plant
        competition.</subfield>
      </datafield>
      <datafield tag="593" ind1=" " ind2=" ">
         <subfield code="a">PubAg article</subfield>
      </datafield>
      <datafield tag="650" ind1=" " ind2="3">
         <subfield code="a">biomass</subfield>
      </datafield>
      <datafield tag="650" ind1=" " ind2="3">
         <subfield code="a">branches</subfield>
      </datafield>
      <datafield tag="650" ind1=" " ind2="3">
         <subfield code="a">canopy</subfield>
      </datafield>
      <datafield tag="650" ind1=" " ind2="3">
         <subfield code="a">carbon</subfield>
      </datafield>
      <datafield tag="650" ind1=" " ind2="3">
         <subfield code="a">leaf area</subfield>
      </datafield>
      <datafield tag="650" ind1=" " ind2="3">
         <subfield code="a">leaves</subfield>
      </datafield>
      <datafield tag="650" ind1=" " ind2="3">
         <subfield code="a">lianas</subfield>
      </datafield>
      <datafield tag="650" ind1=" " ind2="3">
         <subfield code="a">national parks</subfield>
      </datafield>
      <datafield tag="650" ind1=" " ind2="3">
         <subfield code="a">nitrogen content</subfield>
      </datafield>
      <datafield tag="650" ind1=" " ind2="3">
         <subfield code="a">nutrients</subfield>
      </datafield>
      <datafield tag="650" ind1=" " ind2="3">
         <subfield code="a">plant competition</subfield>
      </datafield>
      <datafield tag="650" ind1=" " ind2="3">
         <subfield code="a">trees</subfield>
      </datafield>
      <datafield tag="650" ind1=" " ind2="3">
         <subfield code="a">tropical rain forests</subfield>
      </datafield>
      <datafield tag="700" ind1="1" ind2=" ">
         <subfield code="a">Miladera, J. C.</subfield>
      </datafield>
      <datafield tag="700" ind1="1" ind2=" ">
         <subfield code="a">Salzer, J.</subfield>
      </datafield>
      <datafield tag="773" ind1="0" ind2=" ">
         <subfield code="t">Trees.</subfield>
         <subfield code="g">2009 Apr., v. 23, no. 2 p.295-304</subfield>
         <subfield code="d">Springer-Verlag</subfield>
         <subfield code="x">0931-1890</subfield>
         <subfield code="7">nnas</subfield>
      </datafield>
      <datafield tag="787" ind1="1" ind2=" ">
         <subfield code="o">islandora_article_repository</subfield>
      </datafield>
      <datafield tag="787" ind1="1" ind2=" ">
         <subfield code="o">product_pubag</subfield>
      </datafield>
      <datafield tag="787" ind1="1" ind2=" ">
         <subfield code="o">(Journal)jnl43090</subfield>
      </datafield>
      <datafield tag="852" ind1=" " ind2=" ">
         <subfield code="a">DNAL</subfield>
      </datafield>
      <datafield tag="856" ind1="4" ind2="0">
         <subfield code="u">http://dx.doi.org/10.1007/s00468-008-0277-9</subfield>
      </datafield>
      <datafield tag="912" ind1=" " ind2=" ">
         <subfield code="a">Article</subfield>
      </datafield>
      <datafield tag="914" ind1=" " ind2=" ">
         <subfield code="a">Journal:jnl43090</subfield>
         <subfield code="b">0931-1890</subfield>
         <subfield code="c">23</subfield>
         <subfield code="d">2</subfield>
         <subfield code="e">295</subfield>
      </datafield>
      <datafield tag="914" ind1=" " ind2=" ">
         <subfield code="f">Trees</subfield>
      </datafield>
      <datafield tag="917" ind1=" " ind2=" ">
         <subfield code="a">issued</subfield>
      </datafield>
      <datafield tag="935" ind1=" " ind2=" ">
         <subfield code="a">IND44177653</subfield>
         <subfield code="9">ExL</subfield>
      </datafield>
      <datafield tag="949" ind1=" " ind2=" ">
         <subfield code="a">2014-04-24</subfield>
      </datafield>
      <datafield tag="962" ind1=" " ind2=" ">
         <subfield code="a">Journal ISSN is 1432-2285</subfield>
      </datafield>
      <datafield tag="962" ind1=" " ind2=" ">
         <subfield code="a">Batch:480 annotated on 2014-03-25T07:29:07Z</subfield>
      </datafield>
      <datafield tag="962" ind1=" " ind2=" ">
         <subfield code="a">Batch:480 reviewed on 2014-04-23T04:00:02Z</subfield>
      </datafield>
      <datafield tag="962" ind1=" " ind2=" ">
         <subfield code="a">Batch:480 reviewed on 2014-04-24T04:00:03Z</subfield>
      </datafield>
      <datafield tag="974" ind1=" " ind2=" ">
         <subfield code="a">agid:483520</subfield>
      </datafield>
      <datafield tag="984" ind1=" " ind2=" ">
         <subfield code="a">2009-05-22</subfield>
      </datafield>
      <datafield tag="985" ind1=" " ind2=" ">
         <subfield code="a">Converted from MARCXML to MODS version 3.4 using MARC21slim2MODS3-4.xsl
        (Revision 1.77 2012/03/23)</subfield>
      </datafield>
      <datafield tag="986" ind1=" " ind2=" ">
         <subfield code="a">4177653</subfield>
      </datafield>
   </record>