
   <!--Record: 98-->
   <record>
      <leader>06187nab a2200829 u 4500</leader>
      <controlfield tag="001">9916311226107426</controlfield>
      <controlfield tag="005">20221118093016.0</controlfield>
      <controlfield tag="008">180403e201805 xx |||||o|||||||||||eng||</controlfield>
      <datafield tag="016" ind1="7" ind2=" ">
         <subfield code="a">IND605924107</subfield>
         <subfield code="2">DNAL</subfield>
      </datafield>
      <datafield tag="024" ind1="7" ind2=" ">
         <subfield code="a">10.1111/gcb.14041</subfield>
         <subfield code="2">doi</subfield>
      </datafield>
      <datafield tag="035" ind1=" " ind2=" ">
         <subfield code="a">agid:5924107-01nal_inst</subfield>
      </datafield>
      <datafield tag="040" ind1=" " ind2=" ">
         <subfield code="a">AGL</subfield>
         <subfield code="b">eng</subfield>
         <subfield code="c">AGL</subfield>
      </datafield>
      <datafield tag="100" ind1="1" ind2=" ">
         <subfield code="a">Schurman, Jonathan S.</subfield>
         <subfield code="e">author</subfield>
         <subfield code="u">Faculty of Forestry and Wood Sciences, Czech University of Life Sciences,
        Prague, Czech Republic</subfield>
      </datafield>
      <datafield tag="245" ind1="1" ind2="0">
         <subfield code="a">Large‐scale disturbance legacies and the climate sensitivity of primary
        Picea abies forests</subfield>
      </datafield>
      <datafield tag="300" ind1=" " ind2=" ">
         <subfield code="a">p. 2169-2181.</subfield>
      </datafield>
      <datafield tag="500" ind1=" " ind2=" ">
         <subfield code="a">JOURNAL ARTICLE</subfield>
      </datafield>
      <datafield tag="520" ind1=" " ind2=" ">
         <subfield code="a">Determining the drivers of shifting forest disturbance rates remains a
        pressing global change issue. Large‐scale forest dynamics are commonly assumed to be climate
        driven, but appropriately scaled disturbance histories are rarely available to assess how
        disturbance legacies alter subsequent disturbance rates and the climate sensitivity of
        disturbance. We compiled multiple tree ring‐based disturbance histories from primary Picea
        abies forest fragments distributed throughout five European landscapes spanning the Bohemian
        Forest and the Carpathian Mountains. The regional chronology includes 11,595 tree cores,
        with ring dates spanning the years 1750–2000, collected from 560 inventory plots in 37
        stands distributed across a 1,000 km geographic gradient, amounting to the largest
        disturbance chronology yet constructed in Europe. Decadal disturbance rates varied
        significantly through time and declined after 1920, resulting in widespread increases in
        canopy tree age. Approximately 75% of current canopy area recruited prior to 1900. Long‐term
        disturbance patterns were compared to an historical drought reconstruction, and further
        linked to spatial variation in stand structure and contemporary disturbance patterns derived
        from LANDSAT imagery. Historically, decadal Palmer drought severity index minima
        corresponded to higher rates of canopy removal. The severity of contemporary disturbances
        increased with each stand's estimated time since last major disturbance, increased with mean
        diameter, and declined with increasing within‐stand structural variability. Reconstructed
        spatial patterns suggest that high small‐scale structural variability has historically acted
        to reduce large‐scale susceptibility and climate sensitivity of disturbance. Reduced
        disturbance rates since 1920, a potential legacy of high 19th century disturbance rates,
        have contributed to a recent region‐wide increase in disturbance susceptibility.
        Increasingly common high‐severity disturbances throughout primary Picea forests of Central
        Europe should be reinterpreted in light of both legacy effects (resulting in increased
        susceptibility) and climate change (resulting in increased exposure to extreme
        events).</subfield>
      </datafield>
      <datafield tag="592" ind1=" " ind2=" ">
         <subfield code="a">Publisher supplied data</subfield>
      </datafield>
      <datafield tag="593" ind1=" " ind2=" ">
         <subfield code="a">PubAg article</subfield>
      </datafield>
      <datafield tag="650" ind1=" " ind2="3">
         <subfield code="a">Landsat</subfield>
      </datafield>
      <datafield tag="650" ind1=" " ind2="3">
         <subfield code="a">Picea abies</subfield>
      </datafield>
      <datafield tag="650" ind1=" " ind2="3">
         <subfield code="a">canopy</subfield>
      </datafield>
      <datafield tag="650" ind1=" " ind2="3">
         <subfield code="a">climate</subfield>
      </datafield>
      <datafield tag="650" ind1=" " ind2="3">
         <subfield code="a">climate change</subfield>
      </datafield>
      <datafield tag="650" ind1=" " ind2="3">
         <subfield code="a">drought</subfield>
      </datafield>
      <datafield tag="650" ind1=" " ind2="3">
         <subfield code="a">forest damage</subfield>
      </datafield>
      <datafield tag="650" ind1=" " ind2="3">
         <subfield code="a">forest dynamics</subfield>
      </datafield>
      <datafield tag="650" ind1=" " ind2="3">
         <subfield code="a">forests</subfield>
      </datafield>
      <datafield tag="650" ind1=" " ind2="3">
         <subfield code="a">habitat fragmentation</subfield>
      </datafield>
      <datafield tag="650" ind1=" " ind2="3">
         <subfield code="a">inventories</subfield>
      </datafield>
      <datafield tag="650" ind1=" " ind2="3">
         <subfield code="a">landscapes</subfield>
      </datafield>
      <datafield tag="650" ind1=" " ind2="3">
         <subfield code="a">stand structure</subfield>
      </datafield>
      <datafield tag="650" ind1=" " ind2="3">
         <subfield code="a">tree age</subfield>
      </datafield>
      <datafield tag="650" ind1=" " ind2="3">
         <subfield code="a">trees</subfield>
      </datafield>
      <datafield tag="651" ind1=" " ind2="3">
         <subfield code="a">Carpathian region</subfield>
      </datafield>
      <datafield tag="651" ind1=" " ind2="3">
         <subfield code="a">Central European region</subfield>
      </datafield>
      <datafield tag="651" ind1=" " ind2="3">
         <subfield code="a">Europe</subfield>
      </datafield>
      <datafield tag="700" ind1="1" ind2=" ">
         <subfield code="a">Trotsiuk, Volodymyr</subfield>
         <subfield code="e">author</subfield>
         <subfield code="u">Faculty of Forestry and Wood Sciences, Czech University of Life Sciences,
        Prague, Czech Republic</subfield>
      </datafield>
      <datafield tag="700" ind1="1" ind2=" ">
         <subfield code="a">Bače, Radek</subfield>
         <subfield code="e">author</subfield>
         <subfield code="u">Faculty of Forestry and Wood Sciences, Czech University of Life Sciences,
        Prague, Czech Republic</subfield>
      </datafield>
      <datafield tag="700" ind1="1" ind2=" ">
         <subfield code="a">Čada, Vojtěch</subfield>
         <subfield code="e">author</subfield>
         <subfield code="u">Faculty of Forestry and Wood Sciences, Czech University of Life Sciences,
        Prague, Czech Republic</subfield>
      </datafield>
      <datafield tag="700" ind1="1" ind2=" ">
         <subfield code="a">Fraver, Shawn</subfield>
         <subfield code="e">author</subfield>
         <subfield code="u">School of Forest Resources, University of Maine, Orono, ME, USA</subfield>
      </datafield>
      <datafield tag="700" ind1="1" ind2=" ">
         <subfield code="a">Janda, Pavel</subfield>
         <subfield code="e">author</subfield>
         <subfield code="u">Faculty of Forestry and Wood Sciences, Czech University of Life Sciences,
        Prague, Czech Republic</subfield>
      </datafield>
      <datafield tag="700" ind1="1" ind2=" ">
         <subfield code="a">Kulakowski, Dominik</subfield>
         <subfield code="e">author</subfield>
         <subfield code="u">Graduate School of Geography, Clark University, Worcester, MA,
        USA</subfield>
      </datafield>
      <datafield tag="700" ind1="1" ind2=" ">
         <subfield code="a">Labusova, Jana</subfield>
         <subfield code="e">author</subfield>
         <subfield code="u">Faculty of Forestry and Wood Sciences, Czech University of Life Sciences,
        Prague, Czech Republic</subfield>
      </datafield>
      <datafield tag="700" ind1="1" ind2=" ">
         <subfield code="a">Mikoláš, Martin</subfield>
         <subfield code="e">author</subfield>
      </datafield>
      <datafield tag="700" ind1="1" ind2=" ">
         <subfield code="a">Nagel, Thomas A.</subfield>
         <subfield code="e">author</subfield>
      </datafield>
      <datafield tag="700" ind1="1" ind2=" ">
         <subfield code="a">Seidl, Rupert</subfield>
         <subfield code="e">author</subfield>
         <subfield code="u">Institute of Silviculture, Department of Forest and Soil Sciences,
        University of Natural Resources and Life Sciences (BOKU), Vienna, Austria</subfield>
      </datafield>
      <datafield tag="700" ind1="1" ind2=" ">
         <subfield code="a">Synek, Michal</subfield>
         <subfield code="e">author</subfield>
         <subfield code="u">Faculty of Forestry and Wood Sciences, Czech University of Life Sciences,
        Prague, Czech Republic</subfield>
      </datafield>
      <datafield tag="700" ind1="1" ind2=" ">
         <subfield code="a">Svobodová, Kristýna</subfield>
         <subfield code="e">author</subfield>
      </datafield>
      <datafield tag="700" ind1="1" ind2=" ">
         <subfield code="a">Chaskovskyy, Oleh</subfield>
         <subfield code="e">author</subfield>
         <subfield code="u">Faculty of Forestry, Ukrainian National Forestry University, Lviv,
        Ukraine</subfield>
      </datafield>
      <datafield tag="700" ind1="1" ind2=" ">
         <subfield code="a">Teodosiu, Marius</subfield>
         <subfield code="e">author</subfield>
         <subfield code="u">Marin Drăcea National Research‐Development Institute in Forestry, Câmpulung
        Moldovenesc, Romania</subfield>
      </datafield>
      <datafield tag="700" ind1="1" ind2=" ">
         <subfield code="a">Svoboda, Miroslav</subfield>
         <subfield code="e">author</subfield>
         <subfield code="u">Faculty of Forestry and Wood Sciences, Czech University of Life Sciences,
        Prague, Czech Republic</subfield>
      </datafield>
      <datafield tag="773" ind1="0" ind2=" ">
         <subfield code="t">Global change biology.</subfield>
         <subfield code="g">2018 May, v. 24, no. 5 p.2169-2181</subfield>
         <subfield code="d">John Wiley &amp; Sons, Ltd</subfield>
         <subfield code="w">Journal:jnl57021</subfield>
         <subfield code="x">1354-1013</subfield>
         <subfield code="7">nnas</subfield>
      </datafield>
      <datafield tag="787" ind1="1" ind2=" ">
         <subfield code="o">islandora_article_repository</subfield>
      </datafield>
      <datafield tag="787" ind1="1" ind2=" ">
         <subfield code="o">product_pubag</subfield>
      </datafield>
      <datafield tag="787" ind1="1" ind2=" ">
         <subfield code="o">(Journal)jnl57021</subfield>
      </datafield>
      <datafield tag="856" ind1="4" ind2="0">
         <subfield code="u">http://dx.doi.org/10.1111/gcb.14041</subfield>
         <subfield code="3">Available from publisher's site</subfield>
      </datafield>
      <datafield tag="912" ind1=" " ind2=" ">
         <subfield code="a">Article</subfield>
      </datafield>
      <datafield tag="914" ind1=" " ind2=" ">
         <subfield code="a">Journal:jnl57021</subfield>
         <subfield code="b">1354-1013</subfield>
         <subfield code="c">24</subfield>
         <subfield code="d">5</subfield>
         <subfield code="e">2169</subfield>
      </datafield>
      <datafield tag="914" ind1=" " ind2=" ">
         <subfield code="f">Global change biology</subfield>
      </datafield>
      <datafield tag="916" ind1=" " ind2=" ">
         <subfield code="a">Batch:1962</subfield>
      </datafield>
      <datafield tag="917" ind1=" " ind2=" ">
         <subfield code="a">issued</subfield>
      </datafield>
      <datafield tag="918" ind1="2" ind2=" ">
         <subfield code="a">John Wiley &amp; Sons, Inc</subfield>
         <subfield code="e">provider</subfield>
         <subfield code="5">DNAL</subfield>
      </datafield>
      <datafield tag="935" ind1=" " ind2=" ">
         <subfield code="a">IND605924107</subfield>
         <subfield code="9">ExL</subfield>
      </datafield>
      <datafield tag="949" ind1=" " ind2=" ">
         <subfield code="a">2018-05-08</subfield>
      </datafield>
      <datafield tag="953" ind1=" " ind2=" ">
         <subfield code="a">/data/metadata/incoming/wiley/13541013_2018_24_5.xml</subfield>
      </datafield>
      <datafield tag="954" ind1=" " ind2=" ">
         <subfield code="a">file:/data/metadata/staging/wiley/13541013_2018_24_5.xml</subfield>
      </datafield>
      <datafield tag="955" ind1=" " ind2=" ">
         <subfield code="a">/data/metadata/staging/wiley/</subfield>
      </datafield>
      <datafield tag="962" ind1=" " ind2=" ">
         <subfield code="a">Batch:1962 reviewed on 2018-05-08T10:00:02Z</subfield>
      </datafield>
      <datafield tag="974" ind1=" " ind2=" ">
         <subfield code="a">agid:5924107</subfield>
      </datafield>
      <datafield tag="983" ind1=" " ind2=" ">
         <subfield code="a">2018-04-03</subfield>
      </datafield>
      <datafield tag="984" ind1=" " ind2=" ">
         <subfield code="a">2018-05-08</subfield>
      </datafield>
   </record>