
   <!--Record: 99-->
   <record>
      <leader>05193nab a2200649 u 4500</leader>
      <controlfield tag="001">9916311362907426</controlfield>
      <controlfield tag="005">20221118101448.0</controlfield>
      <controlfield tag="008">210603e20210815xx |||||o|||||||||||eng||</controlfield>
      <datafield tag="016" ind1="7" ind2=" ">
         <subfield code="a">IND607369461</subfield>
         <subfield code="2">DNAL</subfield>
      </datafield>
      <datafield tag="024" ind1="7" ind2=" ">
         <subfield code="a">10.1016/j.foreco.2021.119315</subfield>
         <subfield code="2">doi</subfield>
      </datafield>
      <datafield tag="035" ind1=" " ind2=" ">
         <subfield code="a">agid:7369461-01nal_inst</subfield>
      </datafield>
      <datafield tag="040" ind1=" " ind2=" ">
         <subfield code="a">AGL</subfield>
         <subfield code="b">eng</subfield>
         <subfield code="c">AGL</subfield>
      </datafield>
      <datafield tag="100" ind1="1" ind2=" ">
         <subfield code="a">Bianchi, Eva</subfield>
         <subfield code="e">author</subfield>
         <subfield code="u">Forest Ecology, Institute of Terrestrial Ecosystems, Department of
        Environmental Systems Science, ETH Zurich, Universitätstrasse 16, CH-8092 Zurich,
        Switzerland</subfield>
         <subfield code="1">https://orcid.org/0000-0001-7405-9329</subfield>
      </datafield>
      <datafield tag="245" ind1="1" ind2="0">
         <subfield code="a">Spatial patterns of living and dead small trees in subalpine Norway spruce
        forest reserves in Switzerland</subfield>
      </datafield>
      <datafield tag="500" ind1=" " ind2=" ">
         <subfield code="a">NAL-AP-2-clean</subfield>
      </datafield>
      <datafield tag="520" ind1=" " ind2=" ">
         <subfield code="a">Spatial patterns can reveal a lot about ecological processes, but our
        knowledge of the spatial ecology of tree regeneration at a fine scale is quite limited.
        Therefore, we studied the spatial patterns of living and dead small trees in two subalpine
        Norway spruce forest reserves in Switzerland (Scatlè and Bödmerenwald) using three types of
        analyses. First, we investigated the distances of small trees to the nearest large
        neighboring tree and, by using maximum distances as indicator, inferred the size of forest
        gaps, detecting mainly forest gaps of small size, although with two exceptions that were
        driven by large-scale disturbances. Second, we accounted for spatial inhomogeneity in the
        pattern of small and large trees (i.e., variations in local tree densities) by including
        environmental covariates in point pattern models. Latitude (within the forest reserve),
        elevation and aspect contributed significantly to explaining the density of living and dead
        small trees, and partly of living and dead large trees. Yet, the influence of these
        environmental covariates varied between the two reserves due to their different topography
        and peculiar site conditions. Third, we analyzed neighborhood interactions between small and
        large trees based on the vicinity and size of trees. In both forest reserves, small living
        trees were randomly dispersed around large dead trees over a broad range of distances and,
        at certain distances in one reserve, even dispersed away from them. Small living trees
        further showed clustering around large living trees at short distances and dispersion at
        large distances. Small dead trees featured mainly a random pattern, although with a tendency
        to cluster around large neighbors at short distances, irrespective whether these were living
        or dead. Yet, the weakening of clustering with increasing distances indicates that the
        influence of large trees on small trees varies with spatial scale and thus that these
        neighborhood interactions are scale-dependent. Overall, our study contributes to a better
        understanding of the spatial ecology of mortality in small trees and ultimately of tree
        regeneration processes and stand dynamics in mountain forests.</subfield>
      </datafield>
      <datafield tag="592" ind1=" " ind2=" ">
         <subfield code="a">Publisher supplied data</subfield>
      </datafield>
      <datafield tag="593" ind1=" " ind2=" ">
         <subfield code="a">PubAg article</subfield>
      </datafield>
      <datafield tag="650" ind1=" " ind2="3">
         <subfield code="a">Picea abies</subfield>
      </datafield>
      <datafield tag="650" ind1=" " ind2="3">
         <subfield code="a">administrative management</subfield>
      </datafield>
      <datafield tag="650" ind1=" " ind2="3">
         <subfield code="a">forest reserves</subfield>
      </datafield>
      <datafield tag="650" ind1=" " ind2="3">
         <subfield code="a">latitude</subfield>
      </datafield>
      <datafield tag="650" ind1=" " ind2="3">
         <subfield code="a">mortality</subfield>
      </datafield>
      <datafield tag="650" ind1=" " ind2="3">
         <subfield code="a">topography</subfield>
      </datafield>
      <datafield tag="650" ind1=" " ind2="3">
         <subfield code="a">trees</subfield>
      </datafield>
      <datafield tag="651" ind1=" " ind2="3">
         <subfield code="a">Switzerland</subfield>
      </datafield>
      <datafield tag="653" ind1=" " ind2="0">
         <subfield code="a">Tree mortality</subfield>
      </datafield>
      <datafield tag="653" ind1=" " ind2="0">
         <subfield code="a">Tree regeneration</subfield>
      </datafield>
      <datafield tag="653" ind1=" " ind2="0">
         <subfield code="a">Mountain forest</subfield>
      </datafield>
      <datafield tag="653" ind1=" " ind2="0">
         <subfield code="a">Nearest neighbor distance</subfield>
      </datafield>
      <datafield tag="653" ind1=" " ind2="0">
         <subfield code="a">Canopy gap size</subfield>
      </datafield>
      <datafield tag="653" ind1=" " ind2="0">
         <subfield code="a">Inhomogeneous marked point pattern analysis</subfield>
      </datafield>
      <datafield tag="653" ind1=" " ind2="0">
         <subfield code="a">Spatial inhomogeneity</subfield>
      </datafield>
      <datafield tag="653" ind1=" " ind2="0">
         <subfield code="a">Ripley’s inhomogeneous bivariate function</subfield>
      </datafield>
      <datafield tag="653" ind1=" " ind2="0">
         <subfield code="a">Neighborhood interaction</subfield>
      </datafield>
      <datafield tag="700" ind1="1" ind2=" ">
         <subfield code="a">Bugmann, Harald</subfield>
         <subfield code="e">author</subfield>
         <subfield code="u">Forest Ecology, Institute of Terrestrial Ecosystems, Department of
        Environmental Systems Science, ETH Zurich, Universitätstrasse 16, CH-8092 Zurich,
        Switzerland</subfield>
      </datafield>
      <datafield tag="700" ind1="1" ind2=" ">
         <subfield code="a">Hobi, Martina Lena</subfield>
         <subfield code="e">author</subfield>
         <subfield code="u">Stand Dynamics and Silviculture, Research Unit of Forest Resources and
        Management, Swiss Federal Institute for Forest, Snow and Landscape Research WSL,
        Zürcherstrasse 111, CH-8903 Birmensdorf, Switzerland</subfield>
      </datafield>
      <datafield tag="700" ind1="1" ind2=" ">
         <subfield code="a">Bigler, Christof</subfield>
         <subfield code="e">author</subfield>
         <subfield code="u">Forest Ecology, Institute of Terrestrial Ecosystems, Department of
        Environmental Systems Science, ETH Zurich, Universitätstrasse 16, CH-8092 Zurich,
        Switzerland</subfield>
         <subfield code="1">https://orcid.org/0000-0003-3757-6356</subfield>
      </datafield>
      <datafield tag="773" ind1="0" ind2=" ">
         <subfield code="t">Forest ecology and management.</subfield>
         <subfield code="g">2021 Aug. 15, v. 494 p.119315-</subfield>
         <subfield code="d">Elsevier B.V.</subfield>
         <subfield code="w">Journal:jnl9013</subfield>
         <subfield code="x">0378-1127</subfield>
         <subfield code="7">nnas</subfield>
      </datafield>
      <datafield tag="787" ind1="1" ind2=" ">
         <subfield code="o">islandora_article_repository</subfield>
      </datafield>
      <datafield tag="787" ind1="1" ind2=" ">
         <subfield code="o">product_pubag</subfield>
      </datafield>
      <datafield tag="787" ind1="1" ind2=" ">
         <subfield code="o">(Journal)jnl9013</subfield>
      </datafield>
      <datafield tag="856" ind1="4" ind2="0">
         <subfield code="u">https://dx.doi.org/10.1016/j.foreco.2021.119315</subfield>
         <subfield code="3">Available from publisher's site</subfield>
      </datafield>
      <datafield tag="912" ind1=" " ind2=" ">
         <subfield code="a">Article</subfield>
      </datafield>
      <datafield tag="914" ind1=" " ind2=" ">
         <subfield code="a">Journal:jnl9013</subfield>
         <subfield code="b">0378-1127</subfield>
         <subfield code="c">494</subfield>
         <subfield code="e">119315</subfield>
      </datafield>
      <datafield tag="914" ind1=" " ind2=" ">
         <subfield code="f">Forest ecology and management</subfield>
      </datafield>
      <datafield tag="916" ind1=" " ind2=" ">
         <subfield code="a">Batch:10148</subfield>
      </datafield>
      <datafield tag="917" ind1=" " ind2=" ">
         <subfield code="a">issued</subfield>
      </datafield>
      <datafield tag="918" ind1="2" ind2=" ">
         <subfield code="a">Elsevier Consyn</subfield>
         <subfield code="e">provider</subfield>
         <subfield code="5">DNAL</subfield>
      </datafield>
      <datafield tag="935" ind1=" " ind2=" ">
         <subfield code="a">IND607369461</subfield>
         <subfield code="9">ExL</subfield>
      </datafield>
      <datafield tag="949" ind1=" " ind2=" ">
         <subfield code="a">2021-06-18</subfield>
      </datafield>
      <datafield tag="953" ind1=" " ind2=" ">
         <subfield code="a">/data/metadata/incoming/consyn/732758293104288987-00003-HEAD-ONLY-NEW
        CONSYN ISSNS.zip</subfield>
      </datafield>
      <datafield tag="954" ind1=" " ind2=" ">
         <subfield code="a">file:/data/metadata/staging/consyn/S0378112721004035.xml</subfield>
      </datafield>
      <datafield tag="955" ind1=" " ind2=" ">
         <subfield code="a">/data/metadata/staging/consyn/</subfield>
      </datafield>
      <datafield tag="974" ind1=" " ind2=" ">
         <subfield code="a">agid:7369461</subfield>
      </datafield>
      <datafield tag="983" ind1=" " ind2=" ">
         <subfield code="a">2021-06-03</subfield>
      </datafield>
      <datafield tag="984" ind1=" " ind2=" ">
         <subfield code="a">2021-06-18</subfield>
      </datafield>
   </record>