
   <!--Record: 100-->
   <record>
      <leader>03872nab a2200721 u 4500</leader>
      <controlfield tag="001">9916311376007426</controlfield>
      <controlfield tag="005">20221118101228.0</controlfield>
      <controlfield tag="008">120308e201204 xx |||||o|||||||||||eng||</controlfield>
      <datafield tag="016" ind1="7" ind2=" ">
         <subfield code="a">IND44814567</subfield>
         <subfield code="2">DNAL</subfield>
      </datafield>
      <datafield tag="024" ind1="7" ind2=" ">
         <subfield code="a">22290795</subfield>
         <subfield code="2">pmid</subfield>
      </datafield>
      <datafield tag="024" ind1="7" ind2=" ">
         <subfield code="a">10.1002/ps.2281</subfield>
         <subfield code="2">doi</subfield>
      </datafield>
      <datafield tag="035" ind1=" " ind2=" ">
         <subfield code="a">agid:435725-01nal_inst</subfield>
      </datafield>
      <datafield tag="040" ind1=" " ind2=" ">
         <subfield code="a">AGL</subfield>
         <subfield code="b">eng</subfield>
         <subfield code="c">AGL</subfield>
      </datafield>
      <datafield tag="100" ind1="1" ind2=" ">
         <subfield code="a">Tanis, Sara R</subfield>
         <subfield code="e">author</subfield>
         <subfield code="u">Department of Horticulture, Michigan State University, East Lansing, MI,
        USA. tanissar@msu.edu</subfield>
      </datafield>
      <datafield tag="245" ind1="1" ind2="0">
         <subfield code="a">Spatial and temporal distribution of trunk‐injected 14C‐imidacloprid in
        Fraxinus trees</subfield>
      </datafield>
      <datafield tag="300" ind1=" " ind2=" ">
         <subfield code="a">p. 529-536.</subfield>
      </datafield>
      <datafield tag="520" ind1=" " ind2=" ">
         <subfield code="a">BACKGROUND: Since the discovery of Agrilus planipennis Fairmaire (emerald
        ash borer) in 2002, researchers have tested several methods of chemical control. Soil drench
        or trunk injection products containing imidacloprid are commonly used to control adults.
        However, efficacy can be highly variable and may be due to uneven translocation of systemic
        insecticides. The purpose of this study was to determine whether sectored xylem anatomy
        might influence imidacloprid distribution in tree crowns. RESULTS: Imidacloprid equivalent
        concentrations were higher in leaves from branches in the plane of the injection point (0°)
        than in leaves from branches on the opposite side of the injection point (180°). Leaves from
        branches 90° to the right of injection points had higher imidacloprid equivalent
        concentrations than leaves from branches 90° to the left of injection points. Leaves and
        shoots had higher imidacloprid equivalent concentrations than roots and trunk cores,
        indicating that imidacloprid moves primarily through the xylem. CONCLUSION: Imidacloprid
        equivalent concentration in leaves varied over time and in relation to injection points. It
        is concluded that ash trees have sectored ‘zigzag’ xylem architecture patterns consistent
        with sectored flow distribution. This could lead to variable distribution of imidacloprid in
        tree crowns and therefore to variable control of A. planipennis.</subfield>
      </datafield>
      <datafield tag="592" ind1=" " ind2=" ">
         <subfield code="a">Publisher supplied data</subfield>
      </datafield>
      <datafield tag="593" ind1=" " ind2=" ">
         <subfield code="a">PubAg article</subfield>
      </datafield>
      <datafield tag="650" ind1=" " ind2="3">
         <subfield code="a">Agrilus planipennis</subfield>
      </datafield>
      <datafield tag="650" ind1=" " ind2="3">
         <subfield code="a">Fraxinus</subfield>
      </datafield>
      <datafield tag="650" ind1=" " ind2="3">
         <subfield code="a">branches</subfield>
      </datafield>
      <datafield tag="650" ind1=" " ind2="3">
         <subfield code="a">chemical control</subfield>
      </datafield>
      <datafield tag="650" ind1=" " ind2="3">
         <subfield code="a">imidacloprid</subfield>
      </datafield>
      <datafield tag="650" ind1=" " ind2="3">
         <subfield code="a">leaves</subfield>
      </datafield>
      <datafield tag="650" ind1=" " ind2="3">
         <subfield code="a">roots</subfield>
      </datafield>
      <datafield tag="650" ind1=" " ind2="3">
         <subfield code="a">shoots</subfield>
      </datafield>
      <datafield tag="650" ind1=" " ind2="3">
         <subfield code="a">soil drenching</subfield>
      </datafield>
      <datafield tag="650" ind1=" " ind2="3">
         <subfield code="a">trees</subfield>
      </datafield>
      <datafield tag="650" ind1=" " ind2="3">
         <subfield code="a">xylem</subfield>
      </datafield>
      <datafield tag="650" ind1=" " ind2="2">
         <subfield code="a">Animals</subfield>
      </datafield>
      <datafield tag="650" ind1=" " ind2="2">
         <subfield code="a">Beetles</subfield>
         <subfield code="x">drug effects</subfield>
         <subfield code="x">physiology</subfield>
      </datafield>
      <datafield tag="650" ind1=" " ind2="2">
         <subfield code="a">Fraxinus</subfield>
         <subfield code="x">metabolism</subfield>
         <subfield code="x">parasitology</subfield>
      </datafield>
      <datafield tag="650" ind1=" " ind2="2">
         <subfield code="a">Imidazoles</subfield>
         <subfield code="x">metabolism</subfield>
         <subfield code="x">pharmacology</subfield>
      </datafield>
      <datafield tag="650" ind1=" " ind2="2">
         <subfield code="a">Insect Control</subfield>
      </datafield>
      <datafield tag="650" ind1=" " ind2="2">
         <subfield code="a">Insecticides</subfield>
         <subfield code="x">metabolism</subfield>
         <subfield code="x">pharmacology</subfield>
      </datafield>
      <datafield tag="650" ind1=" " ind2="2">
         <subfield code="a">Nitro Compounds</subfield>
         <subfield code="x">metabolism</subfield>
         <subfield code="x">pharmacology</subfield>
      </datafield>
      <datafield tag="650" ind1=" " ind2="2">
         <subfield code="a">Plant Stems</subfield>
         <subfield code="x">metabolism</subfield>
      </datafield>
      <datafield tag="650" ind1=" " ind2="2">
         <subfield code="a">Trees</subfield>
         <subfield code="x">metabolism</subfield>
         <subfield code="x">parasitology</subfield>
      </datafield>
      <datafield tag="700" ind1="1" ind2=" ">
         <subfield code="a">Cregg, Bert M</subfield>
         <subfield code="e">author</subfield>
      </datafield>
      <datafield tag="700" ind1="1" ind2=" ">
         <subfield code="a">Mota‐Sanchez, David</subfield>
         <subfield code="e">author</subfield>
      </datafield>
      <datafield tag="700" ind1="1" ind2=" ">
         <subfield code="a">McCullough, Deborah G</subfield>
         <subfield code="e">author</subfield>
      </datafield>
      <datafield tag="700" ind1="1" ind2=" ">
         <subfield code="a">Poland, Therese M</subfield>
         <subfield code="e">author</subfield>
      </datafield>
      <datafield tag="773" ind1="0" ind2=" ">
         <subfield code="t">Pest management science.</subfield>
         <subfield code="g">2012 Apr., v. 68, no. 4 p.529-536</subfield>
         <subfield code="d">John Wiley &amp; Sons, Ltd.</subfield>
         <subfield code="x">1526-498X</subfield>
         <subfield code="7">nnas</subfield>
      </datafield>
      <datafield tag="787" ind1="1" ind2=" ">
         <subfield code="o">islandora_article_repository</subfield>
      </datafield>
      <datafield tag="787" ind1="1" ind2=" ">
         <subfield code="o">product_pubag</subfield>
      </datafield>
      <datafield tag="787" ind1="1" ind2=" ">
         <subfield code="o">(Journal)jnl59519</subfield>
      </datafield>
      <datafield tag="856" ind1="4" ind2="0">
         <subfield code="u">http://dx.doi.org/10.1002/ps.2281</subfield>
      </datafield>
      <datafield tag="912" ind1=" " ind2=" ">
         <subfield code="a">Article</subfield>
      </datafield>
      <datafield tag="914" ind1=" " ind2=" ">
         <subfield code="a">Journal:jnl59519</subfield>
         <subfield code="b">1526-498X</subfield>
         <subfield code="c">68</subfield>
         <subfield code="d">4</subfield>
         <subfield code="e">529</subfield>
      </datafield>
      <datafield tag="914" ind1=" " ind2=" ">
         <subfield code="f">Pest management science</subfield>
      </datafield>
      <datafield tag="917" ind1=" " ind2=" ">
         <subfield code="a">issued</subfield>
      </datafield>
      <datafield tag="918" ind1="2" ind2=" ">
         <subfield code="a">John Wiley &amp; Sons, Inc</subfield>
         <subfield code="e">provider</subfield>
         <subfield code="5">DNAL</subfield>
      </datafield>
      <datafield tag="935" ind1=" " ind2=" ">
         <subfield code="a">IND44814567</subfield>
         <subfield code="9">ExL</subfield>
      </datafield>
      <datafield tag="949" ind1=" " ind2=" ">
         <subfield code="a">2014-06-03</subfield>
      </datafield>
      <datafield tag="951" ind1=" " ind2=" ">
         <subfield code="a">2012-03-08</subfield>
      </datafield>
      <datafield tag="953" ind1=" " ind2=" ">
         <subfield code="a">1526498X_2012_68_4.xml</subfield>
      </datafield>
      <datafield tag="962" ind1=" " ind2=" ">
         <subfield code="a">Copyright statement removed from abstract</subfield>
      </datafield>
      <datafield tag="962" ind1=" " ind2=" ">
         <subfield code="a">Journal ISSN is 1526-4998</subfield>
      </datafield>
      <datafield tag="962" ind1=" " ind2=" ">
         <subfield code="a">Batch:538 annotated on 2014-05-13T09:49:25Z</subfield>
      </datafield>
      <datafield tag="962" ind1=" " ind2=" ">
         <subfield code="a">Batch:538 reviewed on 2014-06-02T16:00:02Z</subfield>
      </datafield>
      <datafield tag="962" ind1=" " ind2=" ">
         <subfield code="a">Batch:538 reviewed on 2014-06-03T04:00:02Z</subfield>
      </datafield>
      <datafield tag="974" ind1=" " ind2=" ">
         <subfield code="a">agid:435725</subfield>
      </datafield>
   </record>