
   <!--Record: 101-->
   <record>
      <leader>04448nab a2200661 u 4500</leader>
      <controlfield tag="001">9915853835007426</controlfield>
      <controlfield tag="005">20221119072605.0</controlfield>
      <controlfield tag="008">200616e202007 xx |||||o|||||||||||eng||</controlfield>
      <datafield tag="016" ind1="7" ind2=" ">
         <subfield code="a">IND606990277</subfield>
         <subfield code="2">DNAL</subfield>
      </datafield>
      <datafield tag="024" ind1="7" ind2=" ">
         <subfield code="a">10.1111/nph.16467</subfield>
         <subfield code="2">doi</subfield>
      </datafield>
      <datafield tag="035" ind1=" " ind2=" ">
         <subfield code="a">agid:6990277-01nal_inst</subfield>
      </datafield>
      <datafield tag="040" ind1=" " ind2=" ">
         <subfield code="a">AGL</subfield>
         <subfield code="b">eng</subfield>
         <subfield code="c">AGL</subfield>
      </datafield>
      <datafield tag="100" ind1="1" ind2=" ">
         <subfield code="a">Domínguez‐Begines, Jara</subfield>
         <subfield code="e">author</subfield>
         <subfield code="u">Instituto de Recursos Naturales y Agrobiología de Sevilla (IRNAS), CSIC,
        LINC Global, Avenida Reina Mercedes 10, 41012, Sevilla, Spain</subfield>
         <subfield code="1">https://orcid.org/0000-0001-9406-1813</subfield>
      </datafield>
      <datafield tag="245" ind1="1" ind2="0">
         <subfield code="a">Soil‐borne pathogens as determinants of regeneration patterns at community
        level in Mediterranean forests</subfield>
      </datafield>
      <datafield tag="300" ind1=" " ind2=" ">
         <subfield code="a">p. 588-600.</subfield>
      </datafield>
      <datafield tag="500" ind1=" " ind2=" ">
         <subfield code="a">NAL-AP-2-clean</subfield>
      </datafield>
      <datafield tag="500" ind1=" " ind2=" ">
         <subfield code="a">JOURNAL ARTICLE</subfield>
      </datafield>
      <datafield tag="520" ind1=" " ind2=" ">
         <subfield code="a">Emergent diseases are an increasing problem in forests worldwide. Exotic
        pathogens are now threatening forests where pathogens have not traditionally been considered
        to be major ecological drivers of tree demography, such as water‐limited Mediterranean
        forests. However, how pathogens might limit regeneration in invaded forests is largely
        unknown. Here we used fungicide to analyse the impact of soil‐borne oomycete pathogens on
        seedling establishment at community level in Mediterranean forests invaded by the exotic
        oomycete Phytophthora cinnamomi. Fungicide effects were modelled as a function of the tree
        neighbourhood composition, the seed mass of the target species, and the abiotic environment.
        Fungicide application had positive effects on seedling performance that varied in magnitude
        and spatial structure among coexisting species. Seed mass predicted fungicide effects on
        seedling emergence, but not on survival or growth. Positive fungicide effects were modulated
        by levels of abiotic resources, mainly water, increasing with soil moisture. Our results
        support a novel role for soil‐borne oomycete pathogens as one more axis of the regeneration
        niche of woody species in water‐limited forests. Given the increasing numbers of exotic
        oomycete pathogens worldwide, more research is needed to understand the role of this
        relevant microbial group as a factor shaping seedling establishment.</subfield>
      </datafield>
      <datafield tag="592" ind1=" " ind2=" ">
         <subfield code="a">Publisher supplied data</subfield>
      </datafield>
      <datafield tag="593" ind1=" " ind2=" ">
         <subfield code="a">PubAg article</subfield>
      </datafield>
      <datafield tag="596" ind1=" " ind2=" ">
         <subfield code="a">CGL2011‐26877</subfield>
         <subfield code="c">Ministerio de Economía y Competitividad (MICINN)</subfield>
      </datafield>
      <datafield tag="596" ind1=" " ind2=" ">
         <subfield code="a">CGL2014‐56739‐R</subfield>
         <subfield code="c">Ministerio de Economía y Competitividad (MICINN)</subfield>
      </datafield>
      <datafield tag="596" ind1=" " ind2=" ">
         <subfield code="a">BES‐ 2012‐055113</subfield>
         <subfield code="c">FPI‐MEC</subfield>
      </datafield>
      <datafield tag="596" ind1=" " ind2=" ">
         <subfield code="a">AP2010‐0229</subfield>
         <subfield code="c">FPU‐MEC</subfield>
      </datafield>
      <datafield tag="650" ind1=" " ind2="3">
         <subfield code="a">Phytophthora cinnamomi</subfield>
      </datafield>
      <datafield tag="650" ind1=" " ind2="3">
         <subfield code="a">demography</subfield>
      </datafield>
      <datafield tag="650" ind1=" " ind2="3">
         <subfield code="a">fungicide application</subfield>
      </datafield>
      <datafield tag="650" ind1=" " ind2="3">
         <subfield code="a">fungicides</subfield>
      </datafield>
      <datafield tag="650" ind1=" " ind2="3">
         <subfield code="a">plant establishment</subfield>
      </datafield>
      <datafield tag="650" ind1=" " ind2="3">
         <subfield code="a">seed weight</subfield>
      </datafield>
      <datafield tag="650" ind1=" " ind2="3">
         <subfield code="a">seedling emergence</subfield>
      </datafield>
      <datafield tag="650" ind1=" " ind2="3">
         <subfield code="a">seedlings</subfield>
      </datafield>
      <datafield tag="650" ind1=" " ind2="3">
         <subfield code="a">soil water</subfield>
      </datafield>
      <datafield tag="650" ind1=" " ind2="3">
         <subfield code="a">trees</subfield>
      </datafield>
      <datafield tag="650" ind1=" " ind2="3">
         <subfield code="a">woody plants</subfield>
      </datafield>
      <datafield tag="700" ind1="1" ind2=" ">
         <subfield code="a">Ávila, José M.</subfield>
         <subfield code="e">author</subfield>
         <subfield code="u">Instituto de Recursos Naturales y Agrobiología de Sevilla (IRNAS), CSIC,
        LINC Global, Avenida Reina Mercedes 10, 41012, Sevilla, Spain</subfield>
         <subfield code="1">https://orcid.org/0000-0002-7075-7450</subfield>
      </datafield>
      <datafield tag="700" ind1="1" ind2=" ">
         <subfield code="a">García, Luis V.</subfield>
         <subfield code="e">author</subfield>
         <subfield code="u">Instituto de Recursos Naturales y Agrobiología de Sevilla (IRNAS), CSIC,
        LINC Global, Avenida Reina Mercedes 10, 41012, Sevilla, Spain</subfield>
         <subfield code="1">https://orcid.org/0000-0002-5514-2941</subfield>
      </datafield>
      <datafield tag="700" ind1="1" ind2=" ">
         <subfield code="a">Gómez‐Aparicio, Lorena</subfield>
         <subfield code="e">author</subfield>
         <subfield code="u">Instituto de Recursos Naturales y Agrobiología de Sevilla (IRNAS), CSIC,
        LINC Global, Avenida Reina Mercedes 10, 41012, Sevilla, Spain</subfield>
         <subfield code="1">https://orcid.org/0000-0001-5122-3579</subfield>
      </datafield>
      <datafield tag="773" ind1="0" ind2=" ">
         <subfield code="t">new phytologist.</subfield>
         <subfield code="g">2020 July, v. 227, no. 2 p.588-600</subfield>
         <subfield code="d">John Wiley &amp; Sons, Ltd</subfield>
         <subfield code="w">Journal:jnl44665</subfield>
         <subfield code="x">0028-646X</subfield>
         <subfield code="7">nnas</subfield>
      </datafield>
      <datafield tag="787" ind1="1" ind2=" ">
         <subfield code="o">islandora_article_repository</subfield>
      </datafield>
      <datafield tag="787" ind1="1" ind2=" ">
         <subfield code="o">product_pubag</subfield>
      </datafield>
      <datafield tag="787" ind1="1" ind2=" ">
         <subfield code="o">(Journal)jnl44665</subfield>
      </datafield>
      <datafield tag="856" ind1="4" ind2="0">
         <subfield code="u">http://dx.doi.org/10.1111/nph.16467</subfield>
         <subfield code="3">Available from publisher's site</subfield>
      </datafield>
      <datafield tag="912" ind1=" " ind2=" ">
         <subfield code="a">Article</subfield>
      </datafield>
      <datafield tag="914" ind1=" " ind2=" ">
         <subfield code="a">Journal:jnl44665</subfield>
         <subfield code="b">0028-646X</subfield>
         <subfield code="c">227</subfield>
         <subfield code="d">2</subfield>
         <subfield code="e">588</subfield>
      </datafield>
      <datafield tag="914" ind1=" " ind2=" ">
         <subfield code="f">new phytologist</subfield>
      </datafield>
      <datafield tag="916" ind1=" " ind2=" ">
         <subfield code="a">Batch:2634</subfield>
      </datafield>
      <datafield tag="916" ind1=" " ind2=" ">
         <subfield code="a">Batch:10120</subfield>
      </datafield>
      <datafield tag="917" ind1=" " ind2=" ">
         <subfield code="a">issued</subfield>
      </datafield>
      <datafield tag="918" ind1="2" ind2=" ">
         <subfield code="a">John Wiley &amp; Sons, Inc</subfield>
         <subfield code="e">provider</subfield>
         <subfield code="5">DNAL</subfield>
      </datafield>
      <datafield tag="935" ind1=" " ind2=" ">
         <subfield code="a">IND606990277</subfield>
         <subfield code="9">ExL</subfield>
      </datafield>
      <datafield tag="949" ind1=" " ind2=" ">
         <subfield code="a">2021-07-16</subfield>
      </datafield>
      <datafield tag="953" ind1=" " ind2=" ">
         <subfield code="a">/data/metadata/incoming/wiley/0028646X_2020_227_2.xml</subfield>
      </datafield>
      <datafield tag="954" ind1=" " ind2=" ">
         <subfield code="a">file:/data/metadata/staging/wiley/0028646X_2020_227_2.xml</subfield>
      </datafield>
      <datafield tag="955" ind1=" " ind2=" ">
         <subfield code="a">/data/metadata/staging/wiley/</subfield>
      </datafield>
      <datafield tag="974" ind1=" " ind2=" ">
         <subfield code="a">agid:6990277</subfield>
      </datafield>
      <datafield tag="983" ind1=" " ind2=" ">
         <subfield code="a">2020-06-16</subfield>
      </datafield>
      <datafield tag="984" ind1=" " ind2=" ">
         <subfield code="a">2021-07-16</subfield>
      </datafield>
   </record>