
   <!--Record: 103-->
   <record>
      <leader>34159nab a2203481 u 4500</leader>
      <controlfield tag="001">9915854268207426</controlfield>
      <controlfield tag="005">20221119074328.0</controlfield>
      <controlfield tag="008">200804e202009 xx |||||o|||||||||||eng||</controlfield>
      <datafield tag="016" ind1="7" ind2=" ">
         <subfield code="a">IND607053672</subfield>
         <subfield code="2">DNAL</subfield>
      </datafield>
      <datafield tag="024" ind1="7" ind2=" ">
         <subfield code="a">10.1111/geb.13123</subfield>
         <subfield code="2">doi</subfield>
      </datafield>
      <datafield tag="035" ind1=" " ind2=" ">
         <subfield code="a">agid:7053672-01nal_inst</subfield>
      </datafield>
      <datafield tag="040" ind1=" " ind2=" ">
         <subfield code="a">AGL</subfield>
         <subfield code="b">eng</subfield>
         <subfield code="c">AGL</subfield>
      </datafield>
      <datafield tag="100" ind1="1" ind2=" ">
         <subfield code="a">Muscarella, Robert</subfield>
         <subfield code="e">author</subfield>
         <subfield code="u">Department of Plant Ecology and Evolution, Evolutionary Biology Centre,
        Uppsala University, Uppsala, Sweden</subfield>
         <subfield code="1">https://orcid.org/0000-0003-3039-1076</subfield>
      </datafield>
      <datafield tag="245" ind1="1" ind2="4">
         <subfield code="a">The global abundance of tree palms</subfield>
      </datafield>
      <datafield tag="300" ind1=" " ind2=" ">
         <subfield code="a">p. 1495-1514.</subfield>
      </datafield>
      <datafield tag="500" ind1=" " ind2=" ">
         <subfield code="a">JOURNAL ARTICLE</subfield>
      </datafield>
      <datafield tag="520" ind1=" " ind2=" ">
         <subfield code="a">AIM: Palms are an iconic, diverse and often abundant component of tropical
        ecosystems that provide many ecosystem services. Being monocots, tree palms are
        evolutionarily, morphologically and physiologically distinct from other trees, and these
        differences have important consequences for ecosystem services (e.g., carbon sequestration
        and storage) and in terms of responses to climate change. We quantified global patterns of
        tree palm relative abundance to help improve understanding of tropical forests and reduce
        uncertainty about these ecosystems under climate change. LOCATION: Tropical and subtropical
        moist forests. TIME PERIOD: Current. MAJOR TAXA STUDIED: Palms (Arecaceae). METHODS: We
        assembled a pantropical dataset of 2,548 forest plots (covering 1,191 ha) and quantified
        tree palm (i.e., ≥10 cm diameter at breast height) abundance relative to co‐occurring
        non‐palm trees. We compared the relative abundance of tree palms across biogeographical
        realms and tested for associations with palaeoclimate stability, current climate, edaphic
        conditions and metrics of forest structure. RESULTS: On average, the relative abundance of
        tree palms was more than five times larger between Neotropical locations and other
        biogeographical realms. Tree palms were absent in most locations outside the Neotropics but
        present in &gt;80% of Neotropical locations. The relative abundance of tree palms was more
        strongly associated with local conditions (e.g., higher mean annual precipitation, lower
        soil fertility, shallower water table and lower plot mean wood density) than metrics of
        long‐term climate stability. Life‐form diversity also influenced the patterns; palm
        assemblages outside the Neotropics comprise many non‐tree (e.g., climbing) palms. Finally,
        we show that tree palms can influence estimates of above‐ground biomass, but the magnitude
        and direction of the effect require additional work. CONCLUSIONS: Tree palms are not only
        quintessentially tropical, but they are also overwhelmingly Neotropical. Future work to
        understand the contributions of tree palms to biomass estimates and carbon cycling will be
        particularly crucial in Neotropical forests.</subfield>
      </datafield>
      <datafield tag="592" ind1=" " ind2=" ">
         <subfield code="a">Publisher supplied data</subfield>
      </datafield>
      <datafield tag="593" ind1=" " ind2=" ">
         <subfield code="a">PubAg article</subfield>
      </datafield>
      <datafield tag="596" ind1=" " ind2=" ">
         <subfield code="a">4181‐00158</subfield>
         <subfield code="c">Natur og Univers, Det Frie Forskningsråd</subfield>
      </datafield>
      <datafield tag="596" ind1=" " ind2=" ">
         <subfield code="a">706011</subfield>
         <subfield code="c">H2020 Marie Skłodowska‐Curie Actions</subfield>
      </datafield>
      <datafield tag="596" ind1=" " ind2=" ">
         <subfield code="a">CNPq/PELD 403710/2012‐0</subfield>
         <subfield code="c">Brazilian National Research Council</subfield>
      </datafield>
      <datafield tag="596" ind1=" " ind2=" ">
         <subfield code="a">Universal 459941/2014‐3</subfield>
         <subfield code="c">Brazilian National Research Council</subfield>
      </datafield>
      <datafield tag="596" ind1=" " ind2=" ">
         <subfield code="a">NE/N012542/1</subfield>
         <subfield code="c">Natural Environment Research Council</subfield>
      </datafield>
      <datafield tag="596" ind1=" " ind2=" ">
         <subfield code="a">291585</subfield>
         <subfield code="c">H2020 European Research Council</subfield>
      </datafield>
      <datafield tag="596" ind1=" " ind2=" ">
         <subfield code="a">2019‐03758</subfield>
         <subfield code="c">Vetenskapsrådet</subfield>
      </datafield>
      <datafield tag="596" ind1=" " ind2=" ">
         <subfield code="a">Finance Code 001</subfield>
         <subfield code="c">Coordenação de Aperfeiçoamento de Pessoal de Nível Superior</subfield>
      </datafield>
      <datafield tag="596" ind1=" " ind2=" ">
         <subfield code="a">2003/12595‐7</subfield>
         <subfield code="c">Fundação de Amparo à Pesquisa do Estado de São Paulo</subfield>
      </datafield>
      <datafield tag="596" ind1=" " ind2=" ">
         <subfield code="a">2012/51509‐8</subfield>
         <subfield code="c">Fundação de Amparo à Pesquisa do Estado de São Paulo</subfield>
      </datafield>
      <datafield tag="596" ind1=" " ind2=" ">
         <subfield code="a">00025354</subfield>
         <subfield code="c">Villum Fonden</subfield>
      </datafield>
      <datafield tag="596" ind1=" " ind2=" ">
         <subfield code="a">16549</subfield>
         <subfield code="c">Villum Fonden</subfield>
      </datafield>
      <datafield tag="650" ind1=" " ind2="3">
         <subfield code="a">Arecaceae</subfield>
      </datafield>
      <datafield tag="650" ind1=" " ind2="3">
         <subfield code="a">Neotropics</subfield>
      </datafield>
      <datafield tag="650" ind1=" " ind2="3">
         <subfield code="a">aboveground biomass</subfield>
      </datafield>
      <datafield tag="650" ind1=" " ind2="3">
         <subfield code="a">atmospheric precipitation</subfield>
      </datafield>
      <datafield tag="650" ind1=" " ind2="3">
         <subfield code="a">carbon sequestration</subfield>
      </datafield>
      <datafield tag="650" ind1=" " ind2="3">
         <subfield code="a">climate</subfield>
      </datafield>
      <datafield tag="650" ind1=" " ind2="3">
         <subfield code="a">climate change</subfield>
      </datafield>
      <datafield tag="650" ind1=" " ind2="3">
         <subfield code="a">data collection</subfield>
      </datafield>
      <datafield tag="650" ind1=" " ind2="3">
         <subfield code="a">ecosystem services</subfield>
      </datafield>
      <datafield tag="650" ind1=" " ind2="3">
         <subfield code="a">ecosystems</subfield>
      </datafield>
      <datafield tag="650" ind1=" " ind2="3">
         <subfield code="a">edaphic factors</subfield>
      </datafield>
      <datafield tag="650" ind1=" " ind2="3">
         <subfield code="a">meta-analysis</subfield>
      </datafield>
      <datafield tag="650" ind1=" " ind2="3">
         <subfield code="a">paleoclimatology</subfield>
      </datafield>
      <datafield tag="650" ind1=" " ind2="3">
         <subfield code="a">rain forests</subfield>
      </datafield>
      <datafield tag="650" ind1=" " ind2="3">
         <subfield code="a">soil fertility</subfield>
      </datafield>
      <datafield tag="650" ind1=" " ind2="3">
         <subfield code="a">tree and stand measurements</subfield>
      </datafield>
      <datafield tag="650" ind1=" " ind2="3">
         <subfield code="a">trees</subfield>
      </datafield>
      <datafield tag="650" ind1=" " ind2="3">
         <subfield code="a">tropical forests</subfield>
      </datafield>
      <datafield tag="650" ind1=" " ind2="3">
         <subfield code="a">uncertainty</subfield>
      </datafield>
      <datafield tag="650" ind1=" " ind2="3">
         <subfield code="a">water table</subfield>
      </datafield>
      <datafield tag="650" ind1=" " ind2="3">
         <subfield code="a">wood density</subfield>
      </datafield>
      <datafield tag="700" ind1="1" ind2=" ">
         <subfield code="a">Emilio, Thaise</subfield>
         <subfield code="e">author</subfield>
         <subfield code="u">Department of Plant Biology, Institute of Biology, University of Campinas
        (UNICAMP), Campinas, Brazil</subfield>
      </datafield>
      <datafield tag="700" ind1="1" ind2=" ">
         <subfield code="a">Phillips, Oliver L.</subfield>
         <subfield code="e">author</subfield>
         <subfield code="u">School of Geography, University of Leeds, Leeds, UK</subfield>
      </datafield>
      <datafield tag="700" ind1="1" ind2=" ">
         <subfield code="a">Lewis, Simon L.</subfield>
         <subfield code="e">author</subfield>
         <subfield code="u">School of Geography, University of Leeds, Leeds, UK</subfield>
      </datafield>
      <datafield tag="700" ind1="1" ind2=" ">
         <subfield code="a">Slik, Ferry</subfield>
         <subfield code="e">author</subfield>
         <subfield code="u">Department of Environmental and Life Sciences, Faculty of Science,
        Universiti Brunei Darussalam, Gadong, Brunei Darussalam</subfield>
      </datafield>
      <datafield tag="700" ind1="1" ind2=" ">
         <subfield code="a">Baker, William J.</subfield>
         <subfield code="e">author</subfield>
         <subfield code="u">Comparative Plant and Fungal Biology Department, Royal Botanic Gardens Kew,
        Richmond, UK</subfield>
      </datafield>
      <datafield tag="700" ind1="1" ind2=" ">
         <subfield code="a">Couvreur, Thomas L. P.</subfield>
         <subfield code="e">author</subfield>
         <subfield code="u">IRD, DIADE, University of Montpellier, Montpellier, France</subfield>
      </datafield>
      <datafield tag="700" ind1="1" ind2=" ">
         <subfield code="a">Eiserhardt, Wolf L.</subfield>
         <subfield code="e">author</subfield>
         <subfield code="u">Section for Ecoinformatics and Biodiversity, Department of Biology, Aarhus
        University, Aarhus, Denmark</subfield>
      </datafield>
      <datafield tag="700" ind1="1" ind2=" ">
         <subfield code="a">Svenning, Jens‐Christian</subfield>
         <subfield code="e">author</subfield>
         <subfield code="u">Section for Ecoinformatics and Biodiversity, Department of Biology, Aarhus
        University, Aarhus, Denmark</subfield>
      </datafield>
      <datafield tag="700" ind1="1" ind2=" ">
         <subfield code="a">Affum‐Baffoe, Kofi</subfield>
         <subfield code="e">author</subfield>
         <subfield code="u">Ghana Forestry Commission, Kumasi, Ghana</subfield>
      </datafield>
      <datafield tag="700" ind1="1" ind2=" ">
         <subfield code="a">Aiba, Shin‐Ichiro</subfield>
         <subfield code="e">author</subfield>
         <subfield code="u">Faculty of Environmental Earth Science, Hokkaido University Sapporo,
        Sapporo, Japan</subfield>
      </datafield>
      <datafield tag="700" ind1="1" ind2=" ">
         <subfield code="a">de Almeida, Everton C.</subfield>
         <subfield code="e">author</subfield>
         <subfield code="u">Instituto de Biodiversidade e Floresta, Universidade Federal do Oeste do
        Pará, Santarém, Brazil</subfield>
      </datafield>
      <datafield tag="700" ind1="1" ind2=" ">
         <subfield code="a">de Almeida, Samuel S.</subfield>
         <subfield code="e">author</subfield>
         <subfield code="u">Museu Paraense Emilio Goeldi, Belém, Brazil</subfield>
      </datafield>
      <datafield tag="700" ind1="1" ind2=" ">
         <subfield code="a">de Oliveira, Edmar Almeida</subfield>
         <subfield code="e">author</subfield>
         <subfield code="u">Campus de Nova Xavantina, Universidade do Estado de Mato Grosso, Nova
        Xavantina, Brazil</subfield>
         <subfield code="1">https://orcid.org/0000-0002-6446-3376</subfield>
      </datafield>
      <datafield tag="700" ind1="1" ind2=" ">
         <subfield code="a">Álvarez‐Dávila, Esteban</subfield>
         <subfield code="e">author</subfield>
         <subfield code="u">Escuela de Ciencias Ambientales, Universidad Nacional Abierta y a
        Distancia, Bogotá, Colombia</subfield>
      </datafield>
      <datafield tag="700" ind1="1" ind2=" ">
         <subfield code="a">Alves, Luciana F.</subfield>
         <subfield code="e">author</subfield>
         <subfield code="u">Center for Tropical Research, Institute of the Environment and
        Sustainability, University of California, Los Angeles, CA, USA</subfield>
      </datafield>
      <datafield tag="700" ind1="1" ind2=" ">
         <subfield code="a">Alvez‐Valles, Carlos Mariano</subfield>
         <subfield code="e">author</subfield>
         <subfield code="u">Instituto Veterinario de Investigaciones Tropicales y de Altura (IVITA),
        Estación Experimental Pucallpa, Universidad Nacional Mayor de San Marcos (UNMSM), Lima,
        Peru</subfield>
      </datafield>
      <datafield tag="700" ind1="1" ind2=" ">
         <subfield code="a">Carvalho, Fabrício Alvim</subfield>
         <subfield code="e">author</subfield>
         <subfield code="u">Departamento de Botânica, Instituto de Ciências Biológicas, Universidade
        Federal de Juiz de For a, Juiz de Fora, Brazil</subfield>
      </datafield>
      <datafield tag="700" ind1="1" ind2=" ">
         <subfield code="a">Guarin, Fernando Alzate</subfield>
         <subfield code="e">author</subfield>
         <subfield code="u">Instituto de Biología, Universidad de Antioquia, Medellín,
        Colombia</subfield>
      </datafield>
      <datafield tag="700" ind1="1" ind2=" ">
         <subfield code="a">Andrade, Ana</subfield>
         <subfield code="e">author</subfield>
         <subfield code="u">Biological Dynamics of Forest Fragments Project (BDFFP), National Institute
        for Amazonian Research (INPA) and Smithsonian Tropical Research Institute, Manaus,
        Brazil</subfield>
      </datafield>
      <datafield tag="700" ind1="1" ind2=" ">
         <subfield code="a">Aragão, Luis E. O. C.</subfield>
         <subfield code="e">author</subfield>
         <subfield code="u">Remote Sensing Division, National Institute for Space Research, São José
        dos Campos, Brazil</subfield>
      </datafield>
      <datafield tag="700" ind1="1" ind2=" ">
         <subfield code="a">Murakami, Alejandro Araujo</subfield>
         <subfield code="e">author</subfield>
         <subfield code="u">Museo de Historia Natural Noel Kempff Mercado, Universidad Autonoma Gabriel
        Rene Moreno, Santa Cruz, Bolivia</subfield>
      </datafield>
      <datafield tag="700" ind1="1" ind2=" ">
         <subfield code="a">Arroyo, Luzmila</subfield>
         <subfield code="e">author</subfield>
         <subfield code="u">Biology Career, Gabriel René Moreno Autonomous University, Santa Cruz,
        Bolivia</subfield>
      </datafield>
      <datafield tag="700" ind1="1" ind2=" ">
         <subfield code="a">Ashton, Peter S.</subfield>
         <subfield code="e">author</subfield>
         <subfield code="u">Department of Organismal and Evolutionary Biology, Harvard University,
        Cambridge, MA, USA</subfield>
      </datafield>
      <datafield tag="700" ind1="1" ind2=" ">
         <subfield code="a">Corredor, Gerardo A. Aymard</subfield>
         <subfield code="e">author</subfield>
         <subfield code="u">Compensation International Progress S.A, Bogotá, Colombia</subfield>
      </datafield>
      <datafield tag="700" ind1="1" ind2=" ">
         <subfield code="a">Baker, Timothy R.</subfield>
         <subfield code="e">author</subfield>
         <subfield code="u">School of Geography, University of Leeds, Leeds, UK</subfield>
      </datafield>
      <datafield tag="700" ind1="1" ind2=" ">
         <subfield code="a">de Camargo, Plinio Barbosa</subfield>
         <subfield code="e">author</subfield>
         <subfield code="u">Ecology Isotope Lab, Center for Nuclear Energy in Agriculture, São Paulo,
        Brazil</subfield>
      </datafield>
      <datafield tag="700" ind1="1" ind2=" ">
         <subfield code="a">Barlow, Jos</subfield>
         <subfield code="e">author</subfield>
         <subfield code="u">Lancaster Environment Centre, Lancaster University, Lancaster,
        UK</subfield>
      </datafield>
      <datafield tag="700" ind1="1" ind2=" ">
         <subfield code="a">Bastin, Jean‐François</subfield>
         <subfield code="e">author</subfield>
         <subfield code="u">Department of Environmental Systems Science, Institute of Integrative
        Biology, ETH Zürich, Zürich, Switzerland</subfield>
         <subfield code="1">https://orcid.org/0000-0003-2602-7247</subfield>
      </datafield>
      <datafield tag="700" ind1="1" ind2=" ">
         <subfield code="a">Bengone, Natacha Nssi</subfield>
         <subfield code="e">author</subfield>
         <subfield code="u">National Agency of National Parks of Gabon, ANPN, Libreville,
        Gabon</subfield>
      </datafield>
      <datafield tag="700" ind1="1" ind2=" ">
         <subfield code="a">Berenguer, Erika</subfield>
         <subfield code="e">author</subfield>
         <subfield code="u">Lancaster Environment Centre, Lancaster University, Lancaster,
        UK</subfield>
      </datafield>
      <datafield tag="700" ind1="1" ind2=" ">
         <subfield code="a">Berry, Nicholas</subfield>
         <subfield code="e">author</subfield>
         <subfield code="u">Forest and Landscape Ecology, The Landscapes and Livelihoods Group,
        Edinburgh, UK</subfield>
      </datafield>
      <datafield tag="700" ind1="1" ind2=" ">
         <subfield code="a">Blanc, Lilian</subfield>
         <subfield code="e">author</subfield>
         <subfield code="u">UR Forest &amp; Societies, CIRAD, Montpellier, France</subfield>
      </datafield>
      <datafield tag="700" ind1="1" ind2=" ">
         <subfield code="a">Böhning‐Gaese, Katrin</subfield>
         <subfield code="e">author</subfield>
         <subfield code="u">Senckenberg Biodiversity and Climate Research Centre, Frankfurt am Main,
        Germany</subfield>
      </datafield>
      <datafield tag="700" ind1="1" ind2=" ">
         <subfield code="a">Bonal, Damien</subfield>
         <subfield code="e">author</subfield>
         <subfield code="u">Université de Lorraine, AgroParisTech, INRAE, UMR Silva, Nancy,
        France</subfield>
      </datafield>
      <datafield tag="700" ind1="1" ind2=" ">
         <subfield code="a">Bongers, Frans</subfield>
         <subfield code="e">author</subfield>
         <subfield code="u">Forest Ecology and Forest Management, Wageningen University &amp; Research,
        Wageningen, the Netherlands</subfield>
      </datafield>
      <datafield tag="700" ind1="1" ind2=" ">
         <subfield code="a">Bradford, Matt</subfield>
         <subfield code="e">author</subfield>
         <subfield code="u">CSIRO Land and Water, Atherton, QLD, Australia</subfield>
      </datafield>
      <datafield tag="700" ind1="1" ind2=" ">
         <subfield code="a">Brambach, Fabian</subfield>
         <subfield code="e">author</subfield>
         <subfield code="u">Biodiversity, Macroecology and Biogeography, University of Goettingen,
        Goettingen, Germany</subfield>
      </datafield>
      <datafield tag="700" ind1="1" ind2=" ">
         <subfield code="a">Brearley, Francis Q.</subfield>
         <subfield code="e">author</subfield>
         <subfield code="u">School of Science and the Environment, Manchester Metropolitan University,
        Manchester, UK</subfield>
      </datafield>
      <datafield tag="700" ind1="1" ind2=" ">
         <subfield code="a">Brewer, Steven W.</subfield>
         <subfield code="e">author</subfield>
         <subfield code="u">Wild Earth Allies, Chevy Chase, MD, USA</subfield>
      </datafield>
      <datafield tag="700" ind1="1" ind2=" ">
         <subfield code="a">Camargo, Jose L. C.</subfield>
         <subfield code="e">author</subfield>
         <subfield code="u">Biological Dynamics of Forest Fragments Project (BDFFP), National Institute
        for Amazonian Research (INPA) and Smithsonian Tropical Research Institute, Manaus,
        Brazil</subfield>
      </datafield>
      <datafield tag="700" ind1="1" ind2=" ">
         <subfield code="a">Campbell, David G.</subfield>
         <subfield code="e">author</subfield>
         <subfield code="u">Department of Biology, Grinnell College, Grinnell, IA, USA</subfield>
      </datafield>
      <datafield tag="700" ind1="1" ind2=" ">
         <subfield code="a">Castilho, Carolina V.</subfield>
         <subfield code="e">author</subfield>
         <subfield code="u">Embrapa Roraima &amp; Programa de Pós‐graduação em Recursos Naturais,
        Universidade Federal de Roraima, Boa Vista, Brazil</subfield>
      </datafield>
      <datafield tag="700" ind1="1" ind2=" ">
         <subfield code="a">Castro, Wendeson</subfield>
         <subfield code="e">author</subfield>
         <subfield code="u">Amazonia Green Landscape Protection and Governance Programme, SOS Amazônia,
        61 Pará St., Rio Branco, AC 69905‐082, Brazil</subfield>
      </datafield>
      <datafield tag="700" ind1="1" ind2=" ">
         <subfield code="a">Catchpole, Damien</subfield>
         <subfield code="e">author</subfield>
         <subfield code="u">School of Technology, Environments and Design, University of Tasmania,
        Hobart, TAS, Australia</subfield>
      </datafield>
      <datafield tag="700" ind1="1" ind2=" ">
         <subfield code="a">Cerón Martínez, Carlos E.</subfield>
         <subfield code="e">author</subfield>
         <subfield code="u">Herbario Alfredo Paredes (QAP), Universidad Central del Ecuador, Quito,
        Ecuador</subfield>
      </datafield>
      <datafield tag="700" ind1="1" ind2=" ">
         <subfield code="a">Chen, Shengbin</subfield>
         <subfield code="e">author</subfield>
         <subfield code="u">College of Ecology and Environment, Chengdu University of Technology,
        Chengdu, China</subfield>
      </datafield>
      <datafield tag="700" ind1="1" ind2=" ">
         <subfield code="a">Chhang, Phourin</subfield>
         <subfield code="e">author</subfield>
         <subfield code="u">Forestry Administration, Phnom Penh, Cambodia</subfield>
      </datafield>
      <datafield tag="700" ind1="1" ind2=" ">
         <subfield code="a">Cho, Percival</subfield>
         <subfield code="e">author</subfield>
         <subfield code="u">Forest Department, Belmopan, Belize</subfield>
      </datafield>
      <datafield tag="700" ind1="1" ind2=" ">
         <subfield code="a">Chutipong, Wanlop</subfield>
         <subfield code="e">author</subfield>
         <subfield code="u">Conservation Ecology Program, Pilot Plant Development and Training
        Institute, King Mongut's Institute of Technology Thonburi, Bangkok, Thailand</subfield>
      </datafield>
      <datafield tag="700" ind1="1" ind2=" ">
         <subfield code="a">Clark, Connie</subfield>
         <subfield code="e">author</subfield>
         <subfield code="u">Nicholas School of the Environment, Duke University, Durham, NC,
        USA</subfield>
      </datafield>
      <datafield tag="700" ind1="1" ind2=" ">
         <subfield code="a">Collins, Murray</subfield>
         <subfield code="e">author</subfield>
         <subfield code="u">School of Geosciences, University of Edinburgh, Edinburgh, UK</subfield>
      </datafield>
      <datafield tag="700" ind1="1" ind2=" ">
         <subfield code="a">Comiskey, James A.</subfield>
         <subfield code="e">author</subfield>
         <subfield code="u">Inventory and Monitoring Division, National Park Service, Frederickburg,
        VA, USA</subfield>
         <subfield code="1">https://orcid.org/0000-0001-6710-1269</subfield>
      </datafield>
      <datafield tag="700" ind1="1" ind2=" ">
         <subfield code="a">Medina, Massiel Nataly Corrales</subfield>
         <subfield code="e">author</subfield>
         <subfield code="u">Universidad Nacional de San Agustín de Arequipa, Arequipa, Peru</subfield>
      </datafield>
      <datafield tag="700" ind1="1" ind2=" ">
         <subfield code="a">Costa, Flávia R. C.</subfield>
         <subfield code="e">author</subfield>
         <subfield code="u">Biodiversity Department, National Institute for Amazonian Research (INPA),
        Manaus, Brazil</subfield>
      </datafield>
      <datafield tag="700" ind1="1" ind2=" ">
         <subfield code="a">Culmsee, Heike</subfield>
         <subfield code="e">author</subfield>
         <subfield code="u">DBU Natural Heritage, German Federal Foundation for the Environment,
        Osnabrück, Germany</subfield>
      </datafield>
      <datafield tag="700" ind1="1" ind2=" ">
         <subfield code="a">David‐Higuita, Heriberto</subfield>
         <subfield code="e">author</subfield>
         <subfield code="u">Herbario Universidad de Antioquia (HUA), Universidad de Antioquia,
        Medellín, Colombia</subfield>
      </datafield>
      <datafield tag="700" ind1="1" ind2=" ">
         <subfield code="a">Davidar, Priya</subfield>
         <subfield code="e">author</subfield>
         <subfield code="u">Sigur Nature Trust, Chadapatti Masinagudi PO, Nilgiris, India</subfield>
      </datafield>
      <datafield tag="700" ind1="1" ind2=" ">
         <subfield code="a">del Aguila‐Pasquel, Jhon</subfield>
         <subfield code="e">author</subfield>
         <subfield code="u">Instituto de Investigaciones de la Amazonía Peruana (IIAP), Iquitos,
        Peru</subfield>
      </datafield>
      <datafield tag="700" ind1="1" ind2=" ">
         <subfield code="a">Derroire, Géraldine</subfield>
         <subfield code="e">author</subfield>
         <subfield code="u">Cirad, UMR EcoFoG, (AgroParisTech, CNRS, INRAE, Université de la Guyane,
        Université des Antilles), Kourou, French Guiana</subfield>
      </datafield>
      <datafield tag="700" ind1="1" ind2=" ">
         <subfield code="a">Di Fiore, Anthony</subfield>
         <subfield code="e">author</subfield>
         <subfield code="u">Department of Anthropology, University of Texas at Austin, Austin, TX,
        USA</subfield>
      </datafield>
      <datafield tag="700" ind1="1" ind2=" ">
         <subfield code="a">Van Do, Tran</subfield>
         <subfield code="e">author</subfield>
         <subfield code="u">Silviculture Research Institute, Vietnamese Academy of Forest Sciences,
        Hanoi, Vietnam</subfield>
         <subfield code="1">https://orcid.org/0000-0001-9059-5842</subfield>
      </datafield>
      <datafield tag="700" ind1="1" ind2=" ">
         <subfield code="a">Doucet, Jean‐Louis</subfield>
         <subfield code="e">author</subfield>
         <subfield code="u">Gembloux Agro‐Bio Tech, Liège University, Gembloux, Belgium</subfield>
      </datafield>
      <datafield tag="700" ind1="1" ind2=" ">
         <subfield code="a">Dourdain, Aurélie</subfield>
         <subfield code="e">author</subfield>
         <subfield code="u">Cirad, UMR EcoFoG, (AgroParisTech, CNRS, INRAE, Université de la Guyane,
        Université des Antilles), Kourou, French Guiana</subfield>
      </datafield>
      <datafield tag="700" ind1="1" ind2=" ">
         <subfield code="a">Drake, Donald R.</subfield>
         <subfield code="e">author</subfield>
         <subfield code="u">Botany Department, University of Hawai‘i at Mānoa, Honolulu, HI,
        USA</subfield>
      </datafield>
      <datafield tag="700" ind1="1" ind2=" ">
         <subfield code="a">Ensslin, Andreas</subfield>
         <subfield code="e">author</subfield>
         <subfield code="u">Institute of Plant Sciences, University of Bern, Bern,
        Switzerland</subfield>
      </datafield>
      <datafield tag="700" ind1="1" ind2=" ">
         <subfield code="a">Erwin, Terry</subfield>
         <subfield code="e">author</subfield>
         <subfield code="u">Department of Entomology, Smithsonian Institution, Washington, DC,
        USA</subfield>
      </datafield>
      <datafield tag="700" ind1="1" ind2=" ">
         <subfield code="a">Ewango, Corneille E. N.</subfield>
         <subfield code="e">author</subfield>
         <subfield code="u">Faculty of Renewable Natural Resources Management &amp; Faculty of Science,
        University of Kisangani, Kisangani, Democratic Republic of the Congo</subfield>
      </datafield>
      <datafield tag="700" ind1="1" ind2=" ">
         <subfield code="a">Ewers, Robert M.</subfield>
         <subfield code="e">author</subfield>
         <subfield code="u">Department of Life Sciences, Imperial College London, Ascot, UK</subfield>
      </datafield>
      <datafield tag="700" ind1="1" ind2=" ">
         <subfield code="a">Fauset, Sophie</subfield>
         <subfield code="e">author</subfield>
         <subfield code="u">School of Geography, Earth and Environmental Sciences, University of
        Plymouth, Plymouth, UK</subfield>
      </datafield>
      <datafield tag="700" ind1="1" ind2=" ">
         <subfield code="a">Feldpausch, Ted R.</subfield>
         <subfield code="e">author</subfield>
         <subfield code="u">Geography, College of Life and Environmental Sciences, University of
        Exeter, Exeter, UK</subfield>
      </datafield>
      <datafield tag="700" ind1="1" ind2=" ">
         <subfield code="a">Ferreira, Joice</subfield>
         <subfield code="e">author</subfield>
         <subfield code="u">EMBRAPA, Amazônia Oriental, Belém, Brazil</subfield>
      </datafield>
      <datafield tag="700" ind1="1" ind2=" ">
         <subfield code="a">Ferreira, Leandro Valle</subfield>
         <subfield code="e">author</subfield>
         <subfield code="u">Coordenação de Botânica, Museu Paraense Emílio Goeldi, Belém,
        Brazil</subfield>
      </datafield>
      <datafield tag="700" ind1="1" ind2=" ">
         <subfield code="a">Fischer, Markus</subfield>
         <subfield code="e">author</subfield>
         <subfield code="u">Institute of Plant Sciences, University of Bern, Bern,
        Switzerland</subfield>
      </datafield>
      <datafield tag="700" ind1="1" ind2=" ">
         <subfield code="a">Franklin, Janet</subfield>
         <subfield code="e">author</subfield>
         <subfield code="u">Department of Botany and Plant Sciences, University of California –
        Riverside, Riverside, CA, USA</subfield>
      </datafield>
      <datafield tag="700" ind1="1" ind2=" ">
         <subfield code="a">Fredriksson, Gabriella M.</subfield>
         <subfield code="e">author</subfield>
         <subfield code="u">Pro Natura Foundation, Balikpapan, Indonesia</subfield>
      </datafield>
      <datafield tag="700" ind1="1" ind2=" ">
         <subfield code="a">Gillespie, Thomas W.</subfield>
         <subfield code="e">author</subfield>
         <subfield code="u">Department of Geography, University of California, Los Angeles, Los
        Angeles, CA, USA</subfield>
      </datafield>
      <datafield tag="700" ind1="1" ind2=" ">
         <subfield code="a">Gilpin, Martin</subfield>
         <subfield code="e">author</subfield>
         <subfield code="u">School of Geography, University of Leeds, Leeds, UK</subfield>
      </datafield>
      <datafield tag="700" ind1="1" ind2=" ">
         <subfield code="a">Gonmadje, Christelle</subfield>
         <subfield code="e">author</subfield>
         <subfield code="u">Department of Plant Biology, University of Yaoundé, Yaoundé,
        Cameroon</subfield>
      </datafield>
      <datafield tag="700" ind1="1" ind2=" ">
         <subfield code="a">Gunatilleke, Arachchige Upali Nimal</subfield>
         <subfield code="e">author</subfield>
         <subfield code="u">University of Peradeniya, Peradeniya, Sri Lanka</subfield>
      </datafield>
      <datafield tag="700" ind1="1" ind2=" ">
         <subfield code="a">Hakeem, Khalid Rehman</subfield>
         <subfield code="e">author</subfield>
         <subfield code="u">Department of Biological Sciences, Faculty of Science, King Abdulaziz
        University, Jeddah, Saudi Arabia</subfield>
         <subfield code="1">https://orcid.org/0000-0001-7824-4695</subfield>
      </datafield>
      <datafield tag="700" ind1="1" ind2=" ">
         <subfield code="a">Hall, Jefferson S.</subfield>
         <subfield code="e">author</subfield>
         <subfield code="u">Forest GEO, Smithsonian Tropical Research Institute, Panama City,
        Panama</subfield>
      </datafield>
      <datafield tag="700" ind1="1" ind2=" ">
         <subfield code="a">Hamer, Keith C.</subfield>
         <subfield code="e">author</subfield>
         <subfield code="u">School of Biology, University of Leeds, Leeds, UK</subfield>
      </datafield>
      <datafield tag="700" ind1="1" ind2=" ">
         <subfield code="a">Harris, David J.</subfield>
         <subfield code="e">author</subfield>
         <subfield code="u">Royal Botanic Garden Edinburgh, Edinburgh, UK</subfield>
      </datafield>
      <datafield tag="700" ind1="1" ind2=" ">
         <subfield code="a">Harrison, Rhett D.</subfield>
         <subfield code="e">author</subfield>
         <subfield code="u">World Agroforestry, East and Southern Africa Region, Lusaka,
        Zambia</subfield>
      </datafield>
      <datafield tag="700" ind1="1" ind2=" ">
         <subfield code="a">Hector, Andrew</subfield>
         <subfield code="e">author</subfield>
         <subfield code="u">Department of Plant Sciences, University of Oxford, Oxford, UK</subfield>
      </datafield>
      <datafield tag="700" ind1="1" ind2=" ">
         <subfield code="a">Hemp, Andreas</subfield>
         <subfield code="e">author</subfield>
         <subfield code="u">Department of Plant Systematics, University of Bayreuth, Bayreuth,
        Germany</subfield>
         <subfield code="1">https://orcid.org/0000-0002-5369-2122</subfield>
      </datafield>
      <datafield tag="700" ind1="1" ind2=" ">
         <subfield code="a">Herault, Bruno</subfield>
         <subfield code="e">author</subfield>
         <subfield code="u">Centre International de Recherche en Agronomie pour le Développement,
        Montpellier, France</subfield>
         <subfield code="1">https://orcid.org/0000-0002-6950-7286</subfield>
      </datafield>
      <datafield tag="700" ind1="1" ind2=" ">
         <subfield code="a">Pizango, Carlos Gabriel Hidalgo</subfield>
         <subfield code="e">author</subfield>
         <subfield code="u">Instituto de Investigaciones de la Amazonía Peruana (IIAP), Iquitos,
        Peru</subfield>
      </datafield>
      <datafield tag="700" ind1="1" ind2=" ">
         <subfield code="a">Coronado, Eurídice N. Honorio</subfield>
         <subfield code="e">author</subfield>
         <subfield code="u">Instituto de Investigaciones de la Amazonía Peruana (IIAP), Iquitos,
        Peru</subfield>
      </datafield>
      <datafield tag="700" ind1="1" ind2=" ">
         <subfield code="a">Hubau, Wannes</subfield>
         <subfield code="e">author</subfield>
         <subfield code="u">School of Geography, University of Leeds, Leeds, UK</subfield>
      </datafield>
      <datafield tag="700" ind1="1" ind2=" ">
         <subfield code="a">Hussain, Mohammad Shah</subfield>
         <subfield code="e">author</subfield>
         <subfield code="u">Biodiversity Parks Programme, Centre for Environmental Management of
        Degraded Ecosystems, University of Delhi, Delhi, India</subfield>
      </datafield>
      <datafield tag="700" ind1="1" ind2=" ">
         <subfield code="a">Ibrahim, Faridah‐Hanum</subfield>
         <subfield code="e">author</subfield>
         <subfield code="u">Institut Ekosains Borneo, Universiti Putra Malaysia Bintulu Campus,
        Bintulu, Sarawak, Malaysia</subfield>
      </datafield>
      <datafield tag="700" ind1="1" ind2=" ">
         <subfield code="a">Imai, Nobuo</subfield>
         <subfield code="e">author</subfield>
         <subfield code="u">Department of Forest Science, Tokyo University of Agriculture, Tokyo,
        Japan</subfield>
      </datafield>
      <datafield tag="700" ind1="1" ind2=" ">
         <subfield code="a">Joly, Carlos A.</subfield>
         <subfield code="e">author</subfield>
         <subfield code="u">Department of Plant Biology, Institute of Biology, University of Campinas
        (UNICAMP), Campinas, Brazil</subfield>
      </datafield>
      <datafield tag="700" ind1="1" ind2=" ">
         <subfield code="a">Joseph, Shijo</subfield>
         <subfield code="e">author</subfield>
         <subfield code="u">Department of Remote Sensing and GIS, School of Environment, Kerala
        University of Fisheries and Ocean Studies, Kochi, India</subfield>
      </datafield>
      <datafield tag="700" ind1="1" ind2=" ">
         <subfield code="a">K, Anitha</subfield>
         <subfield code="e">author</subfield>
         <subfield code="u">Rainforest Traditions, Kochi, India</subfield>
      </datafield>
      <datafield tag="700" ind1="1" ind2=" ">
         <subfield code="a">Kartawinata, Kuswata</subfield>
         <subfield code="e">author</subfield>
         <subfield code="u">Integrative Research Center, The Field Museum of Natural History, Chicago,
        IL, USA</subfield>
      </datafield>
      <datafield tag="700" ind1="1" ind2=" ">
         <subfield code="a">Kassi, Justin</subfield>
         <subfield code="e">author</subfield>
         <subfield code="u">Laboratoire de Botanique, UFR Biosciences, Université Félix
        Houphouët‐Boigny, Abidjan, Ivory Coast</subfield>
      </datafield>
      <datafield tag="700" ind1="1" ind2=" ">
         <subfield code="a">Killeen, Timothy J.</subfield>
         <subfield code="e">author</subfield>
         <subfield code="u">Museo de Historia Natural Noel Kempff Mercado, Universidad Autonoma Gabriel
        Rene Moreno, Santa Cruz, Bolivia</subfield>
      </datafield>
      <datafield tag="700" ind1="1" ind2=" ">
         <subfield code="a">Kitayama, Kanehiro</subfield>
         <subfield code="e">author</subfield>
         <subfield code="u">Graduate School of Agriculture, Kyoto University, Kyoto, Japan</subfield>
      </datafield>
      <datafield tag="700" ind1="1" ind2=" ">
         <subfield code="a">Klitgård, Bente Bang</subfield>
         <subfield code="e">author</subfield>
         <subfield code="u">Department for Identification &amp; Naming, Royal Botanic Gardens Kew,
        Richmond, UK</subfield>
      </datafield>
      <datafield tag="700" ind1="1" ind2=" ">
         <subfield code="a">Kooyman, Robert</subfield>
         <subfield code="e">author</subfield>
         <subfield code="u">Department of Biological Sciences, Macquarie University, North Ryde, NSW,
        Australia</subfield>
      </datafield>
      <datafield tag="700" ind1="1" ind2=" ">
         <subfield code="a">Labrière, Nicolas</subfield>
         <subfield code="e">author</subfield>
         <subfield code="u">Laboratoire Évolution et Diversité Biologique, CNRS, Toulouse,
        France</subfield>
      </datafield>
      <datafield tag="700" ind1="1" ind2=" ">
         <subfield code="a">Larney, Eileen</subfield>
         <subfield code="e">author</subfield>
         <subfield code="u">TEAM, Ranomafana, Thailand</subfield>
      </datafield>
      <datafield tag="700" ind1="1" ind2=" ">
         <subfield code="a">Laumonier, Yves</subfield>
         <subfield code="e">author</subfield>
         <subfield code="u">UR105 Forêts et Sociétés, CIRAD, Montpellier, France</subfield>
      </datafield>
      <datafield tag="700" ind1="1" ind2=" ">
         <subfield code="a">Laurance, Susan G.</subfield>
         <subfield code="e">author</subfield>
         <subfield code="u">Centre for Tropical Environmental and Sustainability Science, and College
        of Science and Engineering, James Cook University, Cairns, QLD, Australia</subfield>
      </datafield>
      <datafield tag="700" ind1="1" ind2=" ">
         <subfield code="a">Laurance, William F.</subfield>
         <subfield code="e">author</subfield>
         <subfield code="u">Centre for Tropical Environmental and Sustainability Science, and College
        of Science and Engineering, James Cook University, Cairns, QLD, Australia</subfield>
      </datafield>
      <datafield tag="700" ind1="1" ind2=" ">
         <subfield code="a">Lawes, Michael J.</subfield>
         <subfield code="e">author</subfield>
         <subfield code="u">School of Life Sciences, University of KwaZulu‐Natal, Scottsville, South
        Africa</subfield>
      </datafield>
      <datafield tag="700" ind1="1" ind2=" ">
         <subfield code="a">Levesley, Aurora</subfield>
         <subfield code="e">author</subfield>
         <subfield code="u">School of Geography, University of Leeds, Leeds, UK</subfield>
      </datafield>
      <datafield tag="700" ind1="1" ind2=" ">
         <subfield code="a">Lisingo, Janvier</subfield>
         <subfield code="e">author</subfield>
         <subfield code="u">Laboratory of Ecology and Forest Management, Department of Ecology and
        Plant Resource Management, Kisangani University, Kisangani, Democratic Republic of the
        Congo</subfield>
      </datafield>
      <datafield tag="700" ind1="1" ind2=" ">
         <subfield code="a">Lovejoy, Thomas</subfield>
         <subfield code="e">author</subfield>
         <subfield code="u">Environmental Science and Policy, George Mason University, Washington, DC,
        USA</subfield>
      </datafield>
      <datafield tag="700" ind1="1" ind2=" ">
         <subfield code="a">Lovett, Jon C.</subfield>
         <subfield code="e">author</subfield>
         <subfield code="u">School of Geography, University of Leeds, Leeds, UK</subfield>
      </datafield>
      <datafield tag="700" ind1="1" ind2=" ">
         <subfield code="a">Lu, Xinghui</subfield>
         <subfield code="e">author</subfield>
         <subfield code="u">College of Agronomy, Liaocheng University, Liaocheng, China</subfield>
      </datafield>
      <datafield tag="700" ind1="1" ind2=" ">
         <subfield code="a">Lykke, Anne Mette</subfield>
         <subfield code="e">author</subfield>
         <subfield code="u">Plant and Insect Ecology, Department of Bioscience, Aarhus University,
        Silkeborg, Denmark</subfield>
      </datafield>
      <datafield tag="700" ind1="1" ind2=" ">
         <subfield code="a">Magnusson, William E.</subfield>
         <subfield code="e">author</subfield>
         <subfield code="u">Biodiversity Department, National Institute for Amazonian Research (INPA),
        Manaus, Brazil</subfield>
      </datafield>
      <datafield tag="700" ind1="1" ind2=" ">
         <subfield code="a">Mahayani, Ni Putu Diana</subfield>
         <subfield code="e">author</subfield>
         <subfield code="u">Faculty of Forestry, Universitas Gadjah Mada, Yogyakarta,
        Indonesia</subfield>
      </datafield>
      <datafield tag="700" ind1="1" ind2=" ">
         <subfield code="a">Malhi, Yadvinder</subfield>
         <subfield code="e">author</subfield>
         <subfield code="u">Environmental Change Institute, School of Geography and the Environment,
        University of Oxford, Oxford, UK</subfield>
      </datafield>
      <datafield tag="700" ind1="1" ind2=" ">
         <subfield code="a">Mansor, Asyraf</subfield>
         <subfield code="e">author</subfield>
         <subfield code="u">School of Biological Sciences, Universiti Sains Malaysia, George Town,
        Malaysia</subfield>
      </datafield>
      <datafield tag="700" ind1="1" ind2=" ">
         <subfield code="a">Peña, Jose Luis Marcelo</subfield>
         <subfield code="e">author</subfield>
         <subfield code="u">Departamento de Manejo Forestal, Herbario MOL‐Forestales, Universidad
        Nacional Agraria La Molina, Lima, Peru</subfield>
      </datafield>
      <datafield tag="700" ind1="1" ind2=" ">
         <subfield code="a">Marimon‐Junior, Ben H.</subfield>
         <subfield code="e">author</subfield>
         <subfield code="u">Postgraduate Program in Ecology and Conservation, UNEMAT State University
        of Mato Grosso, Nova Xavantina, Brazil</subfield>
      </datafield>
      <datafield tag="700" ind1="1" ind2=" ">
         <subfield code="a">Marshall, Andrew R.</subfield>
         <subfield code="e">author</subfield>
         <subfield code="u">Tropical Forests and People Research Centre, University of the Sunshine
        Coast, Sippy Downs, QLD, Australia</subfield>
      </datafield>
      <datafield tag="700" ind1="1" ind2=" ">
         <subfield code="a">Melgaco, Karina</subfield>
         <subfield code="e">author</subfield>
         <subfield code="u">School of Geography, University of Leeds, Leeds, UK</subfield>
      </datafield>
      <datafield tag="700" ind1="1" ind2=" ">
         <subfield code="a">Bautista, Casimiro Mendoza</subfield>
         <subfield code="e">author</subfield>
         <subfield code="u">Departamento Cochabamba, Escuela de Ciencias Forestales de la Universidad
        Mayor de San Simón, Cochabamba, Bolivia</subfield>
      </datafield>
      <datafield tag="700" ind1="1" ind2=" ">
         <subfield code="a">Mihindou, Vianet</subfield>
         <subfield code="e">author</subfield>
         <subfield code="u">Agence Nationale des Parcs Nationaux, Libreville, Gabon</subfield>
      </datafield>
      <datafield tag="700" ind1="1" ind2=" ">
         <subfield code="a">Millet, Jérôme</subfield>
         <subfield code="e">author</subfield>
         <subfield code="u">National Botanical Conservatories Division, French Agency for Biodiversity,
        Vincennes, France</subfield>
      </datafield>
      <datafield tag="700" ind1="1" ind2=" ">
         <subfield code="a">Milliken, William</subfield>
         <subfield code="e">author</subfield>
         <subfield code="u">Natural Capital and Plant Health, Royal Botanic Gardens Kew, Richmond,
        United Kingdom</subfield>
      </datafield>
      <datafield tag="700" ind1="1" ind2=" ">
         <subfield code="a">Mohandass, D.</subfield>
         <subfield code="e">author</subfield>
         <subfield code="u">Novel Research Academy, Puducherry, India</subfield>
      </datafield>
      <datafield tag="700" ind1="1" ind2=" ">
         <subfield code="a">Mendoza, Abel Lorenzo Monteagudo</subfield>
         <subfield code="e">author</subfield>
         <subfield code="u">Universidad Nacional de San Antonio Abad del Cusco, Cusco, Peru</subfield>
      </datafield>
      <datafield tag="700" ind1="1" ind2=" ">
         <subfield code="a">Mugerwa, Badru</subfield>
         <subfield code="e">author</subfield>
         <subfield code="u">Institute of Tropical Forest Conservation, Mbarara University of Science
        and Technology, Kabale, Uganda</subfield>
      </datafield>
      <datafield tag="700" ind1="1" ind2=" ">
         <subfield code="a">Nagamasu, Hidetoshi</subfield>
         <subfield code="e">author</subfield>
         <subfield code="u">The Kyoto University Museum, Kyoto University, Kyoto, Japan</subfield>
      </datafield>
      <datafield tag="700" ind1="1" ind2=" ">
         <subfield code="a">Nagy, Laszlo</subfield>
         <subfield code="e">author</subfield>
         <subfield code="u">Department of Plant Biology, Institute of Biology, University of Campinas
        (UNICAMP), Campinas, Brazil</subfield>
      </datafield>
      <datafield tag="700" ind1="1" ind2=" ">
         <subfield code="a">Seuaturien, Naret</subfield>
         <subfield code="e">author</subfield>
         <subfield code="u">WWF Thailand, Bangkok, Thailand</subfield>
      </datafield>
      <datafield tag="700" ind1="1" ind2=" ">
         <subfield code="a">Nascimento, Marcelo T.</subfield>
         <subfield code="e">author</subfield>
         <subfield code="u">Laboratório de Ciências Ambientais, Centro de Biociências e Biotecnologia,
        Universidade Estadual do Norte Fluminense Darcy Ribeiro (UENF), Campos dos Goytacazes,
        Brazil</subfield>
      </datafield>
      <datafield tag="700" ind1="1" ind2=" ">
         <subfield code="a">Neill, David A.</subfield>
         <subfield code="e">author</subfield>
         <subfield code="u">Universidad Estatal Amazónica, Puyo, Ecuador</subfield>
      </datafield>
      <datafield tag="700" ind1="1" ind2=" ">
         <subfield code="a">Neto, Luiz Menini</subfield>
         <subfield code="e">author</subfield>
         <subfield code="u">Departamento de Botânica, Instituto de Ciências Biológicas, Universidade
        Federal de Juiz de Fora, Juiz de Fora, Brazil</subfield>
      </datafield>
      <datafield tag="700" ind1="1" ind2=" ">
         <subfield code="a">Nilus, Rueben</subfield>
         <subfield code="e">author</subfield>
         <subfield code="u">Forest Research Centre, Sabah Forestry Department, Sandakan,
        Malaysia</subfield>
      </datafield>
      <datafield tag="700" ind1="1" ind2=" ">
         <subfield code="a">Vargas, Mario Percy Núñez</subfield>
         <subfield code="e">author</subfield>
         <subfield code="u">Universidad Nacional de San Antonio Abad del Cusco, Cusco, Peru</subfield>
      </datafield>
      <datafield tag="700" ind1="1" ind2=" ">
         <subfield code="a">Nurtjahya, Eddy</subfield>
         <subfield code="e">author</subfield>
         <subfield code="u">Department of Biology, Universitas Bangka Belitung, Merawang,
        Indonesia</subfield>
      </datafield>
      <datafield tag="700" ind1="1" ind2=" ">
         <subfield code="a">de Araújo, R. Nazaré O.</subfield>
         <subfield code="e">author</subfield>
         <subfield code="u">Instituto Nacional de Pesquisas da Amazônia, Manaus, Brazil</subfield>
      </datafield>
      <datafield tag="700" ind1="1" ind2=" ">
         <subfield code="a">Onrizal, Onrizal</subfield>
         <subfield code="e">author</subfield>
         <subfield code="u">Faculty of Forestry, Universitas Sumatera Utara, Medan,
        Indonesia</subfield>
         <subfield code="1">https://orcid.org/0000-0003-1899-2397</subfield>
      </datafield>
      <datafield tag="700" ind1="1" ind2=" ">
         <subfield code="a">Palacios, Walter A.</subfield>
         <subfield code="e">author</subfield>
         <subfield code="u">Herbario Nacional del Ecuador, Universidad Técnica del Norte, Quito,
        Ecuador</subfield>
      </datafield>
      <datafield tag="700" ind1="1" ind2=" ">
         <subfield code="a">Palacios‐Ramos, Sonia</subfield>
         <subfield code="e">author</subfield>
         <subfield code="u">Facultad de Ciencias Forestales, Universidad Nacional Agraria La Molina,
        Lima, Peru</subfield>
      </datafield>
      <datafield tag="700" ind1="1" ind2=" ">
         <subfield code="a">Parren, Marc</subfield>
         <subfield code="e">author</subfield>
         <subfield code="u">Forest Ecology and Forest Management, Wageningen University &amp; Research,
        Wageningen, the Netherlands</subfield>
      </datafield>
      <datafield tag="700" ind1="1" ind2=" ">
         <subfield code="a">Paudel, Ekananda</subfield>
         <subfield code="e">author</subfield>
         <subfield code="u">Nepal Academy of Science and Technology, Lalitpur, Nepal</subfield>
      </datafield>
      <datafield tag="700" ind1="1" ind2=" ">
         <subfield code="a">Morandi, Paulo S.</subfield>
         <subfield code="e">author</subfield>
         <subfield code="u">Departamento de Ciências Biológicas, Universidade do Estado de Mato Grosso,
        Nova Xavantina, Brazil</subfield>
      </datafield>
      <datafield tag="700" ind1="1" ind2=" ">
         <subfield code="a">Pennington, R. Toby</subfield>
         <subfield code="e">author</subfield>
         <subfield code="u">Royal Botanic Garden Edinburgh, Edinburgh, UK</subfield>
      </datafield>
      <datafield tag="700" ind1="1" ind2=" ">
         <subfield code="a">Pickavance, Georgia</subfield>
         <subfield code="e">author</subfield>
         <subfield code="u">School of Geography, University of Leeds, Leeds, UK</subfield>
      </datafield>
      <datafield tag="700" ind1="1" ind2=" ">
         <subfield code="a">Pipoly, John J., III</subfield>
         <subfield code="c">III</subfield>
         <subfield code="e">author</subfield>
         <subfield code="u">Broward County Parks and Recreation Division, Oakland Park, FL,
        USA</subfield>
      </datafield>
      <datafield tag="700" ind1="1" ind2=" ">
         <subfield code="a">Pitman, Nigel C. A.</subfield>
         <subfield code="e">author</subfield>
         <subfield code="u">Field Museum, Chicago, IL, USA</subfield>
      </datafield>
      <datafield tag="700" ind1="1" ind2=" ">
         <subfield code="a">Poedjirahajoe, Erny</subfield>
         <subfield code="e">author</subfield>
         <subfield code="u">Faculty of Forestry, Universitas Gadjah Mada, Yogyakarta,
        Indonesia</subfield>
      </datafield>
      <datafield tag="700" ind1="1" ind2=" ">
         <subfield code="a">Poorter, Lourens</subfield>
         <subfield code="e">author</subfield>
         <subfield code="u">Forest Ecology and Forest Management, Wageningen University &amp; Research,
        Wageningen, the Netherlands</subfield>
         <subfield code="1">https://orcid.org/0000-0003-1391-4875</subfield>
      </datafield>
      <datafield tag="700" ind1="1" ind2=" ">
         <subfield code="a">Poulsen, John R.</subfield>
         <subfield code="e">author</subfield>
         <subfield code="u">Nicholas School of the Environment, Duke University, Durham, NC,
        USA</subfield>
         <subfield code="1">https://orcid.org/0000-0002-1532-9808</subfield>
      </datafield>
      <datafield tag="700" ind1="1" ind2=" ">
         <subfield code="a">Rama Chandra Prasad, P.</subfield>
         <subfield code="e">author</subfield>
         <subfield code="u">Lab for Spatial Informatics, International Institute of Information
        Technology, Hyderabad, India</subfield>
      </datafield>
      <datafield tag="700" ind1="1" ind2=" ">
         <subfield code="a">Prieto, Adriana</subfield>
         <subfield code="e">author</subfield>
         <subfield code="u">Instituto de Ciencias Naturales, Universidad Nacional de Colombia, Bogotá,
        Colombia</subfield>
      </datafield>
      <datafield tag="700" ind1="1" ind2=" ">
         <subfield code="a">Puyravaud, Jean‐Philippe</subfield>
         <subfield code="e">author</subfield>
         <subfield code="u">Sigur Nature Trust, Chadapatti Masinagudi PO, Nilgiris, India</subfield>
      </datafield>
      <datafield tag="700" ind1="1" ind2=" ">
         <subfield code="a">Qie, Lan</subfield>
         <subfield code="e">author</subfield>
         <subfield code="u">School of Life Sciences, University of Lincoln, Lincoln, UK</subfield>
      </datafield>
      <datafield tag="700" ind1="1" ind2=" ">
         <subfield code="a">Quesada, Carlos A.</subfield>
         <subfield code="e">author</subfield>
         <subfield code="u">INPA (Instituto Nacional de Pesquisas da Amazônia), Manaus,
        Brazil</subfield>
      </datafield>
      <datafield tag="700" ind1="1" ind2=" ">
         <subfield code="a">Ramírez‐Angulo, Hirma</subfield>
         <subfield code="e">author</subfield>
         <subfield code="u">INDEFOR, Universidad de Los Andes, Mérida, Venezuela</subfield>
      </datafield>
      <datafield tag="700" ind1="1" ind2=" ">
         <subfield code="a">Razafimahaimodison, Jean Claude</subfield>
         <subfield code="e">author</subfield>
         <subfield code="u">Centre ValBio Ranomafana CP 312 Fianarantsoa &amp; Science Faculty,
        University of Fianarantsoa, Fianarantsoa, Madagascar</subfield>
      </datafield>
      <datafield tag="700" ind1="1" ind2=" ">
         <subfield code="a">Reitsma, Jan Meindert</subfield>
         <subfield code="e">author</subfield>
         <subfield code="u">Bureau Waardenburg BV, Culemborg, the Netherlands</subfield>
      </datafield>
      <datafield tag="700" ind1="1" ind2=" ">
         <subfield code="a">Requena‐Rojas, Edilson J.</subfield>
         <subfield code="e">author</subfield>
         <subfield code="u">Laboratorio de Dendrocronología, Universidad Continental, Huancayo,
        Peru</subfield>
      </datafield>
      <datafield tag="700" ind1="1" ind2=" ">
         <subfield code="a">Correa, Zorayda Restrepo</subfield>
         <subfield code="e">author</subfield>
         <subfield code="u">Ecosystems Services and Climate Change (SECC) Group, COL‐TREE Corporation,
        Medellín, Colombia</subfield>
      </datafield>
      <datafield tag="700" ind1="1" ind2=" ">
         <subfield code="a">Rodriguez, Carlos Reynel</subfield>
         <subfield code="e">author</subfield>
         <subfield code="u">Facultad de Ciencias Forestales, Universidad Nacional Agraria La Molina,
        Lima, Peru</subfield>
      </datafield>
      <datafield tag="700" ind1="1" ind2=" ">
         <subfield code="a">Roopsind, Anand</subfield>
         <subfield code="e">author</subfield>
         <subfield code="u">Biology Department, Boise State University, Boise, ID, USA</subfield>
      </datafield>
      <datafield tag="700" ind1="1" ind2=" ">
         <subfield code="a">Rovero, Francesco</subfield>
         <subfield code="e">author</subfield>
         <subfield code="u">Department of Biology, University of Florence, Florence, Italy</subfield>
         <subfield code="1">https://orcid.org/0000-0001-6688-1494</subfield>
      </datafield>
      <datafield tag="700" ind1="1" ind2=" ">
         <subfield code="a">Rozak, Andes</subfield>
         <subfield code="e">author</subfield>
         <subfield code="u">Research Center for Plant Conservation and Botanic Gardens, Cibodas Botanic
        Gardens, Indonesian Institute of Sciences (LIPI), Cianjur, Indonesia</subfield>
      </datafield>
      <datafield tag="700" ind1="1" ind2=" ">
         <subfield code="a">Lleras, Agustín Rudas</subfield>
         <subfield code="e">author</subfield>
         <subfield code="u">Instituto de Ciencias Naturales, Universidad Nacional de Colombia, Bogotá,
        Colombia</subfield>
      </datafield>
      <datafield tag="700" ind1="1" ind2=" ">
         <subfield code="a">Rutishauser, Ervan</subfield>
         <subfield code="e">author</subfield>
         <subfield code="u">Smithsonian Tropical Research Institute, Balboa, Panama</subfield>
      </datafield>
      <datafield tag="700" ind1="1" ind2=" ">
         <subfield code="a">Rutten, Gemma</subfield>
         <subfield code="e">author</subfield>
         <subfield code="u">Institute of Plant Sciences, University of Bern, Bern,
        Switzerland</subfield>
      </datafield>
      <datafield tag="700" ind1="1" ind2=" ">
         <subfield code="a">Punchi‐Manage, Ruwan</subfield>
         <subfield code="e">author</subfield>
         <subfield code="u">Department of Statistics and Computer Science, Faculty of Science,
        University of Peradeniya, Peradeniya, Sri Lanka</subfield>
      </datafield>
      <datafield tag="700" ind1="1" ind2=" ">
         <subfield code="a">Salomão, Rafael P.</subfield>
         <subfield code="e">author</subfield>
         <subfield code="u">Museu Paraense Emilio Goeldi, Belém, Brazil</subfield>
      </datafield>
      <datafield tag="700" ind1="1" ind2=" ">
         <subfield code="a">Van Sam, Hoang</subfield>
         <subfield code="e">author</subfield>
         <subfield code="u">Vietnam National University of Forestry, Hanoi, Vietnam</subfield>
      </datafield>
      <datafield tag="700" ind1="1" ind2=" ">
         <subfield code="a">Sarker, Swapan Kumar</subfield>
         <subfield code="e">author</subfield>
         <subfield code="u">Department of Forestry &amp; Environmental Science, Shahjalal University of
        Science &amp; Technology, Sylhet, Bangladesh</subfield>
      </datafield>
      <datafield tag="700" ind1="1" ind2=" ">
         <subfield code="a">Satdichanh, Manichanh</subfield>
         <subfield code="e">author</subfield>
         <subfield code="u">Key Laboratory of Plant Diversity and Biogeography of East Asia, Kunming
        Institute of Botany, Chinese Academy of Sciences, Kunming, China</subfield>
      </datafield>
      <datafield tag="700" ind1="1" ind2=" ">
         <subfield code="a">Schietti, Juliana</subfield>
         <subfield code="e">author</subfield>
         <subfield code="u">INPA (Instituto Nacional de Pesquisas da Amazônia), Manaus,
        Brazil</subfield>
      </datafield>
      <datafield tag="700" ind1="1" ind2=" ">
         <subfield code="a">Schmitt, Christine B.</subfield>
         <subfield code="e">author</subfield>
         <subfield code="u">Center for Development Research (ZEF), University of Bonn, Bonn,
        Germany</subfield>
      </datafield>
      <datafield tag="700" ind1="1" ind2=" ">
         <subfield code="a">Marimon, Beatriz Schwantes</subfield>
         <subfield code="e">author</subfield>
         <subfield code="u">Postgraduate Program in Ecology and Conservation, UNEMAT State University
        of Mato Grosso, Nova Xavantina, Brazil</subfield>
      </datafield>
      <datafield tag="700" ind1="1" ind2=" ">
         <subfield code="a">Senbeta, Feyera</subfield>
         <subfield code="e">author</subfield>
         <subfield code="u">College of Development Studies, Addis Ababa University, Addis Ababa,
        Ethiopia</subfield>
      </datafield>
      <datafield tag="700" ind1="1" ind2=" ">
         <subfield code="a">Nath Sharma, Lila</subfield>
         <subfield code="e">author</subfield>
         <subfield code="u">ForestAction Nepal, Kathmandu, Nepal</subfield>
      </datafield>
      <datafield tag="700" ind1="1" ind2=" ">
         <subfield code="a">Sheil, Douglas</subfield>
         <subfield code="e">author</subfield>
         <subfield code="u">Faculty of Environmental Sciences and Natural Resource Management,
        Norwegian University of Life Sciences, Ås, Norway</subfield>
      </datafield>
      <datafield tag="700" ind1="1" ind2=" ">
         <subfield code="a">Sierra, Rodrigo</subfield>
         <subfield code="e">author</subfield>
         <subfield code="u">GeoIS, Cedar Park, TX, USA</subfield>
      </datafield>
      <datafield tag="700" ind1="1" ind2=" ">
         <subfield code="a">Silva‐Espejo, Javier E.</subfield>
         <subfield code="e">author</subfield>
         <subfield code="u">Departamento de Biología, Universidad de La Serena, La Serena,
        Chile</subfield>
      </datafield>
      <datafield tag="700" ind1="1" ind2=" ">
         <subfield code="a">Silveira, Marcos</subfield>
         <subfield code="e">author</subfield>
         <subfield code="u">Centro de Ciências Biológicas e da Natureza, Universidade Federal do Acre,
        Rio Branco, Brazil</subfield>
      </datafield>
      <datafield tag="700" ind1="1" ind2=" ">
         <subfield code="a">Sonké, Bonaventure</subfield>
         <subfield code="e">author</subfield>
         <subfield code="u">Plant Systematic and Ecology Laboratory, Department of Biology, Higher
        Teachers’ Training College, University of Yaoundé, Yaoundé, Cameroon</subfield>
      </datafield>
      <datafield tag="700" ind1="1" ind2=" ">
         <subfield code="a">Steininger, Marc K.</subfield>
         <subfield code="e">author</subfield>
         <subfield code="u">Department of Geographical Sciences, University of Maryland, College Park,
        MD, USA</subfield>
      </datafield>
      <datafield tag="700" ind1="1" ind2=" ">
         <subfield code="a">Steinmetz, Robert</subfield>
         <subfield code="e">author</subfield>
         <subfield code="u">WWF Thailand, Bangkok, Thailand</subfield>
         <subfield code="1">https://orcid.org/0000-0001-6860-8715</subfield>
      </datafield>
      <datafield tag="700" ind1="1" ind2=" ">
         <subfield code="a">Stévart, Tariq</subfield>
         <subfield code="e">author</subfield>
         <subfield code="u">Africa and Madagascar Department, Missouri Botanical Garden, St. Louis, MO,
        USA</subfield>
      </datafield>
      <datafield tag="700" ind1="1" ind2=" ">
         <subfield code="a">Sukumar, Raman</subfield>
         <subfield code="e">author</subfield>
         <subfield code="u">Centre for Ecological Sciences, Indian Institute of Science, Bangalore,
        India</subfield>
      </datafield>
      <datafield tag="700" ind1="1" ind2=" ">
         <subfield code="a">Sultana, Aisha</subfield>
         <subfield code="e">author</subfield>
         <subfield code="u">Biodiversity Parks Programme, Centre for Environmental Management of
        Degraded Ecosystems, University of Delhi, Delhi, India</subfield>
      </datafield>
      <datafield tag="700" ind1="1" ind2=" ">
         <subfield code="a">Sunderland, Terry C. H.</subfield>
         <subfield code="e">author</subfield>
         <subfield code="u">Faculty of Forestry, University of British Columbia, Vancouver, BC,
        Canada</subfield>
      </datafield>
      <datafield tag="700" ind1="1" ind2=" ">
         <subfield code="a">Suresh, Hebbalalu Satyanarayana</subfield>
         <subfield code="e">author</subfield>
         <subfield code="u">Centre for Ecological Sciences, Indian Institute of Science, Bangalore,
        India</subfield>
      </datafield>
      <datafield tag="700" ind1="1" ind2=" ">
         <subfield code="a">Tang, Jianwei</subfield>
         <subfield code="e">author</subfield>
         <subfield code="u">Key Laboratory of Tropical Plant Resources and Sustainable Use,
        Xishuangbanna Tropical Botanical Garden, Chinese Academy of Sciences, Menglun,
        China</subfield>
      </datafield>
      <datafield tag="700" ind1="1" ind2=" ">
         <subfield code="a">Tanner, Edmund</subfield>
         <subfield code="e">author</subfield>
         <subfield code="u">Department of Plant Sciences, University of Cambridge, Cambridge,
        UK</subfield>
      </datafield>
      <datafield tag="700" ind1="1" ind2=" ">
         <subfield code="a">ter Steege, Hans</subfield>
         <subfield code="e">author</subfield>
         <subfield code="u">Naturalis Biodiversity Center, Leiden, the Netherlands</subfield>
      </datafield>
      <datafield tag="700" ind1="1" ind2=" ">
         <subfield code="a">Terborgh, John W.</subfield>
         <subfield code="e">author</subfield>
         <subfield code="u">Department of Biology and Florida Museum of Natural History, University of
        Florida, Gainsville, FL, USA</subfield>
      </datafield>
      <datafield tag="700" ind1="1" ind2=" ">
         <subfield code="a">Theilade, Ida</subfield>
         <subfield code="e">author</subfield>
         <subfield code="u">Department of Food and Resource Economics, University of Copenhagen,
        Copenhagen, Denmark</subfield>
      </datafield>
      <datafield tag="700" ind1="1" ind2=" ">
         <subfield code="a">Timberlake, Jonathan</subfield>
         <subfield code="e">author</subfield>
         <subfield code="u">Warren Lane, East Dean, East Sussex, UK</subfield>
      </datafield>
      <datafield tag="700" ind1="1" ind2=" ">
         <subfield code="a">Torres‐Lezama, Armando</subfield>
         <subfield code="e">author</subfield>
         <subfield code="u">INDEFOR, Facultad de Ciencias Forestales y Ambientales, Universidad de Los
        Andes, Mérida, Venezuela</subfield>
      </datafield>
      <datafield tag="700" ind1="1" ind2=" ">
         <subfield code="a">Umunay, Peter</subfield>
         <subfield code="e">author</subfield>
         <subfield code="u">School of Forestry and Environmental Studies, Yale University, New Haven,
        CT, USA</subfield>
      </datafield>
      <datafield tag="700" ind1="1" ind2=" ">
         <subfield code="a">Uriarte, María</subfield>
         <subfield code="e">author</subfield>
         <subfield code="u">Department of Ecology, Evolution and Environmental Biology, Columbia
        University, New York, NY, USA</subfield>
      </datafield>
      <datafield tag="700" ind1="1" ind2=" ">
         <subfield code="a">Gamarra, Luis Valenzuela</subfield>
         <subfield code="e">author</subfield>
         <subfield code="u">Investigación Botánica y Ecología, Jardín Botánico de Missouri, Oxapampa,
        Peru</subfield>
      </datafield>
      <datafield tag="700" ind1="1" ind2=" ">
         <subfield code="a">van de Bult, Martin</subfield>
         <subfield code="e">author</subfield>
         <subfield code="u">Doi Tung Development Project, Social Development Department, Chiang Rai,
        Thailand</subfield>
      </datafield>
      <datafield tag="700" ind1="1" ind2=" ">
         <subfield code="a">van der Hout, Peter</subfield>
         <subfield code="e">author</subfield>
         <subfield code="u">Van der Hout Förestry Consulting, Rotterdam, the Netherlands</subfield>
      </datafield>
      <datafield tag="700" ind1="1" ind2=" ">
         <subfield code="a">Martinez, Rodolfo Vasquez</subfield>
         <subfield code="e">author</subfield>
         <subfield code="u">Herbario Selva Central Oxapampa, Oxapampa, Peru</subfield>
      </datafield>
      <datafield tag="700" ind1="1" ind2=" ">
         <subfield code="a">Vieira, Ima Célia Guimarães</subfield>
         <subfield code="e">author</subfield>
         <subfield code="u">Museu Paraense Emilio Goeldi, Belém, Brazil</subfield>
      </datafield>
      <datafield tag="700" ind1="1" ind2=" ">
         <subfield code="a">Vieira, Simone A.</subfield>
         <subfield code="e">author</subfield>
         <subfield code="u">Núcleo de Estudos e Pesquisas Ambientais (NEPAM), University of Campinas
        (UNICAMP), Campinas, Brazil</subfield>
      </datafield>
      <datafield tag="700" ind1="1" ind2=" ">
         <subfield code="a">Vilanova, Emilio</subfield>
         <subfield code="e">author</subfield>
         <subfield code="u">Department of Environmental Science, Policy, and Management, University of
        California, Berkeley, CA, USA</subfield>
      </datafield>
      <datafield tag="700" ind1="1" ind2=" ">
         <subfield code="a">Cayo, Jeanneth Villalobos</subfield>
         <subfield code="e">author</subfield>
         <subfield code="u">Herbario del Sur de Bolivia, Universidad Mayor Real and Pontifical de San
        Francisco Xavier de Chuquisaca, Sucre, Bolivia</subfield>
      </datafield>
      <datafield tag="700" ind1="1" ind2=" ">
         <subfield code="a">Wang, Ophelia</subfield>
         <subfield code="e">author</subfield>
         <subfield code="u">School of Earth and Sustainability, Northern Arizona University, Flagstaff,
        AZ, USA</subfield>
      </datafield>
      <datafield tag="700" ind1="1" ind2=" ">
         <subfield code="a">Webb, Campbell O.</subfield>
         <subfield code="e">author</subfield>
         <subfield code="u">UA Museum of the North, University of Alaska, Fairbanks, AK, USA</subfield>
      </datafield>
      <datafield tag="700" ind1="1" ind2=" ">
         <subfield code="a">Webb, Edward L.</subfield>
         <subfield code="e">author</subfield>
         <subfield code="u">Department of Biological Sciences, National University of Singapore,
        Singapore, Singapore</subfield>
      </datafield>
      <datafield tag="700" ind1="1" ind2=" ">
         <subfield code="a">White, Lee</subfield>
         <subfield code="e">author</subfield>
         <subfield code="u">Agence Nationale des Parcs Nationaux, Libreville, Gabon</subfield>
      </datafield>
      <datafield tag="700" ind1="1" ind2=" ">
         <subfield code="a">Whitfeld, Timothy J. S.</subfield>
         <subfield code="e">author</subfield>
         <subfield code="u">Bell Museum, University of Minnesota, St. Paul, MN, USA</subfield>
      </datafield>
      <datafield tag="700" ind1="1" ind2=" ">
         <subfield code="a">Wich, Serge</subfield>
         <subfield code="e">author</subfield>
         <subfield code="u">School of Natural Sciences and Psychology, Liverpool John Moores
        University, Liverpool, UK</subfield>
      </datafield>
      <datafield tag="700" ind1="1" ind2=" ">
         <subfield code="a">Willcock, Simon</subfield>
         <subfield code="e">author</subfield>
         <subfield code="u">School of Natural Sciences, Bangor University, Bangor, UK</subfield>
      </datafield>
      <datafield tag="700" ind1="1" ind2=" ">
         <subfield code="a">Wiser, Susan K.</subfield>
         <subfield code="e">author</subfield>
         <subfield code="u">Manaaki Whenua, Landcare Research, Lincoln, New Zealand</subfield>
      </datafield>
      <datafield tag="700" ind1="1" ind2=" ">
         <subfield code="a">Young, Kenneth R.</subfield>
         <subfield code="e">author</subfield>
         <subfield code="u">Department of Geography and the Environment, University of Texas at Austin,
        Austin, TX, USA</subfield>
      </datafield>
      <datafield tag="700" ind1="1" ind2=" ">
         <subfield code="a">Zakaria, Rahmad</subfield>
         <subfield code="e">author</subfield>
         <subfield code="u">School of Biological Sciences, Universiti Sains Malaysia, George Town,
        Malaysia</subfield>
      </datafield>
      <datafield tag="700" ind1="1" ind2=" ">
         <subfield code="a">Zang, Runguo</subfield>
         <subfield code="e">author</subfield>
         <subfield code="u">Key Laboratory of Forest Ecology and Environment of State Forestry
        Administration, Institute of Forest Ecology, Environment and Protection, Chinese Academy of
        Forestry, Beijing, China</subfield>
      </datafield>
      <datafield tag="700" ind1="1" ind2=" ">
         <subfield code="a">Zartman, Charles E.</subfield>
         <subfield code="e">author</subfield>
         <subfield code="u">Biodiversity Department, National Institute for Amazonian Research (INPA),
        Manaus, Brazil</subfield>
      </datafield>
      <datafield tag="700" ind1="1" ind2=" ">
         <subfield code="a">Zo‐Bi, Irié Casimir</subfield>
         <subfield code="e">author</subfield>
         <subfield code="u">Département Eaux, Forêts et Environnement, Institut National Polytechnique
        Félix Houphouët‐Boigny, Yamoussoukro, Ivory Coast</subfield>
      </datafield>
      <datafield tag="700" ind1="1" ind2=" ">
         <subfield code="a">Balslev, Henrik</subfield>
         <subfield code="e">author</subfield>
         <subfield code="u">Section for Ecoinformatics and Biodiversity, Department of Biology, Aarhus
        University, Aarhus, Denmark</subfield>
      </datafield>
      <datafield tag="773" ind1="0" ind2=" ">
         <subfield code="t">Global ecology and biogeography.</subfield>
         <subfield code="g">2020 Sept., v. 29, no. 9 p.1495-1514</subfield>
         <subfield code="d">John Wiley &amp; Sons, Ltd</subfield>
         <subfield code="w">Journal:jnl3920180</subfield>
         <subfield code="x">1466-822X</subfield>
         <subfield code="7">nnas</subfield>
      </datafield>
      <datafield tag="787" ind1="1" ind2=" ">
         <subfield code="o">islandora_article_repository</subfield>
      </datafield>
      <datafield tag="787" ind1="1" ind2=" ">
         <subfield code="o">product_pubag</subfield>
      </datafield>
      <datafield tag="787" ind1="1" ind2=" ">
         <subfield code="o">(Journal)jnl3920180</subfield>
      </datafield>
      <datafield tag="856" ind1="4" ind2="0">
         <subfield code="u">http://dx.doi.org/10.1111/geb.13123</subfield>
         <subfield code="3">Available from publisher's site</subfield>
      </datafield>
      <datafield tag="912" ind1=" " ind2=" ">
         <subfield code="a">Article</subfield>
      </datafield>
      <datafield tag="914" ind1=" " ind2=" ">
         <subfield code="a">Journal:jnl3920180</subfield>
         <subfield code="b">1466-822X</subfield>
         <subfield code="c">29</subfield>
         <subfield code="d">9</subfield>
         <subfield code="e">1495</subfield>
      </datafield>
      <datafield tag="914" ind1=" " ind2=" ">
         <subfield code="f">Global ecology and biogeography</subfield>
      </datafield>
      <datafield tag="916" ind1=" " ind2=" ">
         <subfield code="a">Batch:2617</subfield>
      </datafield>
      <datafield tag="917" ind1=" " ind2=" ">
         <subfield code="a">issued</subfield>
      </datafield>
      <datafield tag="918" ind1="2" ind2=" ">
         <subfield code="a">John Wiley &amp; Sons, Inc</subfield>
         <subfield code="e">provider</subfield>
         <subfield code="5">DNAL</subfield>
      </datafield>
      <datafield tag="935" ind1=" " ind2=" ">
         <subfield code="a">IND607053672</subfield>
         <subfield code="9">ExL</subfield>
      </datafield>
      <datafield tag="949" ind1=" " ind2=" ">
         <subfield code="a">2020-12-10</subfield>
      </datafield>
      <datafield tag="953" ind1=" " ind2=" ">
         <subfield code="a">/data/metadata/incoming/wiley/1466822X_2020_29_9.xml</subfield>
      </datafield>
      <datafield tag="954" ind1=" " ind2=" ">
         <subfield code="a">file:/data/metadata/staging/wiley/1466822X_2020_29_9.xml</subfield>
      </datafield>
      <datafield tag="955" ind1=" " ind2=" ">
         <subfield code="a">/data/metadata/staging/wiley/</subfield>
      </datafield>
      <datafield tag="974" ind1=" " ind2=" ">
         <subfield code="a">agid:7053672</subfield>
      </datafield>
      <datafield tag="983" ind1=" " ind2=" ">
         <subfield code="a">2020-08-04</subfield>
      </datafield>
      <datafield tag="984" ind1=" " ind2=" ">
         <subfield code="a">2020-12-10</subfield>
      </datafield>
   </record>