
   <!--Record: 104-->
   <record>
      <leader>03539nab a2200565 u 4500</leader>
      <controlfield tag="001">9915854334507426</controlfield>
      <controlfield tag="005">20221119075020.0</controlfield>
      <controlfield tag="008">060918e20060301xx |||||o|||||||||||eng||</controlfield>
      <datafield tag="016" ind1="7" ind2=" ">
         <subfield code="a">IND43837242</subfield>
         <subfield code="2">DNAL</subfield>
      </datafield>
      <datafield tag="024" ind1="7" ind2=" ">
         <subfield code="a">10.1016/j.foreco.2005.11.022</subfield>
         <subfield code="2">doi</subfield>
      </datafield>
      <datafield tag="035" ind1=" " ind2=" ">
         <subfield code="a">agid:2829318-01nal_inst</subfield>
      </datafield>
      <datafield tag="040" ind1=" " ind2=" ">
         <subfield code="a">AGL</subfield>
         <subfield code="b">eng</subfield>
         <subfield code="c">AGL</subfield>
      </datafield>
      <datafield tag="100" ind1="1" ind2=" ">
         <subfield code="a">Fajardo, A.</subfield>
         <subfield code="e">author</subfield>
      </datafield>
      <datafield tag="245" ind1="1" ind2="0">
         <subfield code="a">Spatial patterns of regeneration in managed uneven-aged ponderosa
        pine/Douglas-fir forests of Western Montana, USA</subfield>
      </datafield>
      <datafield tag="300" ind1=" " ind2=" ">
         <subfield code="a">p. 255-266.</subfield>
      </datafield>
      <datafield tag="520" ind1=" " ind2=" ">
         <subfield code="a">In uneven-aged ponderosa pine (Pinus ponderosa Dougl.) and Douglas-fir
        (Pseudotsuga menziesii var. glauca (Mirbel) Franco) stands managed by individual tree
        selection, the recruitment of new sapling cohorts necessary to sustain structure and
        composition is generally assumed to occur within canopy openings created by harvest.
        However, few studies have examined the spatial patterns of new regeneration in relation to
        reserve trees in the overstory in this forest type. In this study, we analyzed the spatial
        distributions and associations between saplings and overstory trees using univariate and
        bivariate transformations of Ripley's L-functions. Furthermore, we introduced a ratio-based
        index to quantify the strength of bivariate spatial associations, which allowed us to
        further evaluate potential causes for the observed patterns. We found that saplings of both
        ponderosa pine and Douglas-fir established predominantly in clumps, and that saplings of the
        two species generally had a positive association with one another at short scale (up to 5
        m). We found no evidence to suggest that saplings of ponderosa pine and Douglas-fir occupied
        separate spatial locations in these stands. We also found mixed results for bivariate
        associations between saplings of both species and overstory trees, where both positive and
        negative spatial associations occurred depending on the putative moisture level of plots
        indicated by habitat type group. The strength of positive spatial association between
        saplings and medium-sized overstory trees appeared to decrease as plot moisture-level
        increased, suggesting that sapling establishment and survival might be facilitated by
        shading on moisture-limited sites.</subfield>
      </datafield>
      <datafield tag="593" ind1=" " ind2=" ">
         <subfield code="a">PubAg article</subfield>
      </datafield>
      <datafield tag="650" ind1=" " ind2="3">
         <subfield code="a">Pinus ponderosa</subfield>
      </datafield>
      <datafield tag="650" ind1=" " ind2="3">
         <subfield code="a">Pseudotsuga menziesii var. glauca</subfield>
      </datafield>
      <datafield tag="650" ind1=" " ind2="3">
         <subfield code="a">canopy gaps</subfield>
      </datafield>
      <datafield tag="650" ind1=" " ind2="3">
         <subfield code="a">forest types</subfield>
      </datafield>
      <datafield tag="650" ind1=" " ind2="3">
         <subfield code="a">habitats</subfield>
      </datafield>
      <datafield tag="650" ind1=" " ind2="3">
         <subfield code="a">overstory</subfield>
      </datafield>
      <datafield tag="650" ind1=" " ind2="3">
         <subfield code="a">saplings</subfield>
      </datafield>
      <datafield tag="650" ind1=" " ind2="3">
         <subfield code="a">shade</subfield>
      </datafield>
      <datafield tag="651" ind1=" " ind2="3">
         <subfield code="a">Montana</subfield>
      </datafield>
      <datafield tag="700" ind1="1" ind2=" ">
         <subfield code="a">Goodburn, J.M.</subfield>
         <subfield code="e">author</subfield>
      </datafield>
      <datafield tag="700" ind1="1" ind2=" ">
         <subfield code="a">Graham, J.</subfield>
         <subfield code="e">author</subfield>
      </datafield>
      <datafield tag="773" ind1="0" ind2=" ">
         <subfield code="t">Forest ecology and management.</subfield>
         <subfield code="g">2006 Mar. 1, v. 223, no. 1-3 p.255-266</subfield>
         <subfield code="w">Journal:jnl9013</subfield>
         <subfield code="x">0378-1127</subfield>
         <subfield code="7">nnas</subfield>
      </datafield>
      <datafield tag="787" ind1="1" ind2=" ">
         <subfield code="o">islandora_article_repository</subfield>
      </datafield>
      <datafield tag="787" ind1="1" ind2=" ">
         <subfield code="o">product_pubag</subfield>
      </datafield>
      <datafield tag="787" ind1="1" ind2=" ">
         <subfield code="o">(Journal)jnl9013</subfield>
      </datafield>
      <datafield tag="852" ind1=" " ind2=" ">
         <subfield code="a">DNAL</subfield>
      </datafield>
      <datafield tag="856" ind1="4" ind2="0">
         <subfield code="u">http://dx.doi.org/10.1016/j.foreco.2005.11.022</subfield>
         <subfield code="3">electronic resource</subfield>
      </datafield>
      <datafield tag="912" ind1=" " ind2=" ">
         <subfield code="a">Article</subfield>
      </datafield>
      <datafield tag="914" ind1=" " ind2=" ">
         <subfield code="a">Journal:jnl9013</subfield>
      </datafield>
      <datafield tag="914" ind1=" " ind2=" ">
         <subfield code="f">Forest ecology and management</subfield>
      </datafield>
      <datafield tag="916" ind1=" " ind2=" ">
         <subfield code="a">Batch:980</subfield>
      </datafield>
      <datafield tag="917" ind1=" " ind2=" ">
         <subfield code="a">issued</subfield>
      </datafield>
      <datafield tag="930" ind1=" " ind2=" ">
         <subfield code="a">20060918</subfield>
         <subfield code="b">20061003</subfield>
         <subfield code="c">00000000</subfield>
      </datafield>
      <datafield tag="935" ind1=" " ind2=" ">
         <subfield code="a">IND43837242</subfield>
         <subfield code="9">ExL</subfield>
      </datafield>
      <datafield tag="946" ind1=" " ind2=" ">
         <subfield code="a">Non-US</subfield>
      </datafield>
      <datafield tag="949" ind1=" " ind2=" ">
         <subfield code="a">2015-07-30</subfield>
      </datafield>
      <datafield tag="952" ind1=" " ind2=" ">
         <subfield code="a">20060918 20061003 00000000</subfield>
      </datafield>
      <datafield tag="962" ind1=" " ind2=" ">
         <subfield code="a">Batch:980 reviewed on 2015-07-29T16:00:03Z</subfield>
      </datafield>
      <datafield tag="962" ind1=" " ind2=" ">
         <subfield code="a">Batch:980 reviewed on 2015-07-30T04:00:05Z</subfield>
      </datafield>
      <datafield tag="974" ind1=" " ind2=" ">
         <subfield code="a">agid:2829318</subfield>
      </datafield>
      <datafield tag="984" ind1=" " ind2=" ">
         <subfield code="a">2015-07-30</subfield>
      </datafield>
      <datafield tag="985" ind1=" " ind2=" ">
         <subfield code="a">Converted from MARCXML to MODS version 3.4 using MARC21slim2MODS3-4.xsl
        (Revision 1.95 2014/04/23)</subfield>
      </datafield>
      <datafield tag="986" ind1=" " ind2=" ">
         <subfield code="a">3837242</subfield>
      </datafield>
   </record>