
   <!--Record: 107-->
   <record>
      <leader>04344nab a2200625 u 4500</leader>
      <controlfield tag="001">9915854529307426</controlfield>
      <controlfield tag="005">20221119075017.0</controlfield>
      <controlfield tag="008">210317e202103 xx |||||o|||||||||||eng||</controlfield>
      <datafield tag="016" ind1="7" ind2=" ">
         <subfield code="a">IND607311624</subfield>
         <subfield code="2">DNAL</subfield>
      </datafield>
      <datafield tag="024" ind1="7" ind2=" ">
         <subfield code="a">10.1111/mec.15818</subfield>
         <subfield code="2">doi</subfield>
      </datafield>
      <datafield tag="035" ind1=" " ind2=" ">
         <subfield code="a">agid:7311624-01nal_inst</subfield>
      </datafield>
      <datafield tag="040" ind1=" " ind2=" ">
         <subfield code="a">AGL</subfield>
         <subfield code="b">eng</subfield>
         <subfield code="c">AGL</subfield>
      </datafield>
      <datafield tag="100" ind1="1" ind2=" ">
         <subfield code="a">Dawson Pell, Francesca S. E.</subfield>
         <subfield code="e">author</subfield>
         <subfield code="u">Department of Animal and Plant Sciences, University of Sheffield,
        Sheffield, UK</subfield>
         <subfield code="1">https://orcid.org/0000-0002-4212-7208</subfield>
      </datafield>
      <datafield tag="245" ind1="1" ind2="0">
         <subfield code="a">Fine‐scale genetic structure reflects limited and coordinated dispersal in
        the colonial monk parakeet, Myiopsitta monachus</subfield>
      </datafield>
      <datafield tag="300" ind1=" " ind2=" ">
         <subfield code="a">p. 1531-1544.</subfield>
      </datafield>
      <datafield tag="500" ind1=" " ind2=" ">
         <subfield code="a">NAL-AP-2-clean</subfield>
      </datafield>
      <datafield tag="500" ind1=" " ind2=" ">
         <subfield code="a">JOURNAL ARTICLE</subfield>
      </datafield>
      <datafield tag="520" ind1=" " ind2=" ">
         <subfield code="a">The genetic structure of animal populations has considerable behavioural,
        ecological and evolutionary implications and may arise from various demographic traits.
        Here, we use observational field data and molecular genetics to determine the genetic
        structure of an invasive population of monk parakeets, Myiopsitta monachus, at a range of
        spatial scales, and investigate the demographic processes that generate the observed
        structure. Monk parakeets construct large nests that can house several pairs occupying
        separate chambers; these nests are often aggregated within nesting trees. We determined
        patterns of relatedness within compound nests, within nesting trees and between trees.
        Spatial autocorrelation analyses of pairwise genetic relatedness revealed fine‐scale genetic
        structure with relatives of both sexes spatially clustered within, but not beyond, nesting
        trees. In addition, males were more related to males sharing their compound nests than to
        other males occupying the same nesting tree. By contrast, males and females within compound
        nests were not significantly more closely related than elsewhere in the same tree, and we
        found no evidence for inbreeding. Adults showed high breeding site fidelity between years
        despite considerable disturbance of nest sites. Natal dispersal was female‐biased, but
        dispersal distances were relatively short with some natal philopatry observed in both sexes.
        Sibling coalitions, typically of males, were observed amongst both philopatric and
        dispersing birds. Our results show significant clustering of kin within compound nests and
        nesting trees resulting from limited and coordinated natal dispersal, with subsequent
        breeding site fidelity. The resulting genetic structure has implications for social
        behaviour in this unusual parrot species.</subfield>
      </datafield>
      <datafield tag="592" ind1=" " ind2=" ">
         <subfield code="a">Publisher supplied data</subfield>
      </datafield>
      <datafield tag="593" ind1=" " ind2=" ">
         <subfield code="a">PubAg article</subfield>
      </datafield>
      <datafield tag="596" ind1=" " ind2=" ">
         <subfield code="a">CGL‐2016‐79568‐C3‐3‐P</subfield>
         <subfield code="c">Ministry of Economics and Enterprise, Spain</subfield>
      </datafield>
      <datafield tag="596" ind1=" " ind2=" ">
         <subfield code="a">NBAF1078</subfield>
         <subfield code="c">Natural Environment Research Council</subfield>
      </datafield>
      <datafield tag="650" ind1=" " ind2="3">
         <subfield code="a">Myiopsitta monachus</subfield>
      </datafield>
      <datafield tag="650" ind1=" " ind2="3">
         <subfield code="a">autocorrelation</subfield>
      </datafield>
      <datafield tag="650" ind1=" " ind2="3">
         <subfield code="a">genetic relationships</subfield>
      </datafield>
      <datafield tag="650" ind1=" " ind2="3">
         <subfield code="a">genetic structure</subfield>
      </datafield>
      <datafield tag="650" ind1=" " ind2="3">
         <subfield code="a">invasive species</subfield>
      </datafield>
      <datafield tag="650" ind1=" " ind2="3">
         <subfield code="a">molecular genetics</subfield>
      </datafield>
      <datafield tag="650" ind1=" " ind2="3">
         <subfield code="a">nests</subfield>
      </datafield>
      <datafield tag="650" ind1=" " ind2="3">
         <subfield code="a">parrots</subfield>
      </datafield>
      <datafield tag="650" ind1=" " ind2="3">
         <subfield code="a">philopatry</subfield>
      </datafield>
      <datafield tag="650" ind1=" " ind2="3">
         <subfield code="a">social behavior</subfield>
      </datafield>
      <datafield tag="650" ind1=" " ind2="3">
         <subfield code="a">trees</subfield>
      </datafield>
      <datafield tag="700" ind1="1" ind2=" ">
         <subfield code="a">Senar, Juan Carlos</subfield>
         <subfield code="e">author</subfield>
         <subfield code="u">Museu de Ciències Naturals de Barcelona, Barcelona, Spain</subfield>
      </datafield>
      <datafield tag="700" ind1="1" ind2=" ">
         <subfield code="a">Franks, Daniel W.</subfield>
         <subfield code="e">author</subfield>
         <subfield code="u">Department of Biology and Department of Computer Science, The University of
        York, York, UK</subfield>
      </datafield>
      <datafield tag="700" ind1="1" ind2=" ">
         <subfield code="a">Hatchwell, Ben J.</subfield>
         <subfield code="e">author</subfield>
         <subfield code="u">Department of Animal and Plant Sciences, University of Sheffield,
        Sheffield, UK</subfield>
      </datafield>
      <datafield tag="773" ind1="0" ind2=" ">
         <subfield code="t">Molecular ecology.</subfield>
         <subfield code="g">2021 Mar., v. 30, no. 6 p.1531-1544</subfield>
         <subfield code="d">John Wiley &amp; Sons, Ltd</subfield>
         <subfield code="w">Journal:jnl48811</subfield>
         <subfield code="x">0962-1083</subfield>
         <subfield code="7">nnas</subfield>
      </datafield>
      <datafield tag="787" ind1="1" ind2=" ">
         <subfield code="o">islandora_article_repository</subfield>
      </datafield>
      <datafield tag="787" ind1="1" ind2=" ">
         <subfield code="o">product_pubag</subfield>
      </datafield>
      <datafield tag="787" ind1="1" ind2=" ">
         <subfield code="o">(Journal)jnl48811</subfield>
      </datafield>
      <datafield tag="856" ind1="4" ind2="0">
         <subfield code="u">http://dx.doi.org/10.1111/mec.15818</subfield>
         <subfield code="3">Available from publisher's site</subfield>
      </datafield>
      <datafield tag="912" ind1=" " ind2=" ">
         <subfield code="a">Article</subfield>
      </datafield>
      <datafield tag="914" ind1=" " ind2=" ">
         <subfield code="a">Journal:jnl48811</subfield>
         <subfield code="b">0962-1083</subfield>
         <subfield code="c">30</subfield>
         <subfield code="d">6</subfield>
         <subfield code="e">1531</subfield>
      </datafield>
      <datafield tag="914" ind1=" " ind2=" ">
         <subfield code="f">Molecular ecology</subfield>
      </datafield>
      <datafield tag="916" ind1=" " ind2=" ">
         <subfield code="a">Batch:10130</subfield>
      </datafield>
      <datafield tag="917" ind1=" " ind2=" ">
         <subfield code="a">issued</subfield>
      </datafield>
      <datafield tag="918" ind1="2" ind2=" ">
         <subfield code="a">John Wiley &amp; Sons, Inc</subfield>
         <subfield code="e">provider</subfield>
         <subfield code="5">DNAL</subfield>
      </datafield>
      <datafield tag="935" ind1=" " ind2=" ">
         <subfield code="a">IND607311624</subfield>
         <subfield code="9">ExL</subfield>
      </datafield>
      <datafield tag="949" ind1=" " ind2=" ">
         <subfield code="a">2021-09-14</subfield>
      </datafield>
      <datafield tag="953" ind1=" " ind2=" ">
         <subfield code="a">/data/metadata/incoming/wiley/09621083_2021_30_6.xml</subfield>
      </datafield>
      <datafield tag="954" ind1=" " ind2=" ">
         <subfield code="a">file:/data/metadata/staging/wiley/09621083_2021_30_6.xml</subfield>
      </datafield>
      <datafield tag="955" ind1=" " ind2=" ">
         <subfield code="a">/data/metadata/staging/wiley/</subfield>
      </datafield>
      <datafield tag="974" ind1=" " ind2=" ">
         <subfield code="a">agid:7311624</subfield>
      </datafield>
      <datafield tag="983" ind1=" " ind2=" ">
         <subfield code="a">2021-03-17</subfield>
      </datafield>
      <datafield tag="984" ind1=" " ind2=" ">
         <subfield code="a">2021-09-14</subfield>
      </datafield>
   </record>