
   <!--Record: 108-->
   <record>
      <leader>04881nab a2200565 u 4500</leader>
      <controlfield tag="001">9915854664807426</controlfield>
      <controlfield tag="005">20221119074710.0</controlfield>
      <controlfield tag="008">141110e201109 xx |||||o|||||||||||eng||</controlfield>
      <datafield tag="016" ind1="7" ind2=" ">
         <subfield code="a">IND44831908</subfield>
         <subfield code="2">DNAL</subfield>
      </datafield>
      <datafield tag="024" ind1="7" ind2=" ">
         <subfield code="a">10.1016/j.baae.2011.07.008</subfield>
         <subfield code="2">doi</subfield>
      </datafield>
      <datafield tag="035" ind1=" " ind2=" ">
         <subfield code="a">agid:365688-01nal_inst</subfield>
      </datafield>
      <datafield tag="040" ind1=" " ind2=" ">
         <subfield code="a">AGL</subfield>
         <subfield code="b">eng</subfield>
         <subfield code="c">AGL</subfield>
      </datafield>
      <datafield tag="100" ind1="1" ind2=" ">
         <subfield code="a">Yuan, Zuoqiang</subfield>
         <subfield code="e">author</subfield>
         <subfield code="u">State Key Laboratory of Forest and Soil Ecology, Institute of Applied
        Ecology, Chinese Academy of Sciences, Shenyang 110164, PR China; Graduate University of
        Chinese Academy of Science, Beijing 100049, PR China</subfield>
      </datafield>
      <datafield tag="245" ind1="1" ind2="0">
         <subfield code="a">Scale specific determinants of tree diversity in an old growth temperate
        forest in China</subfield>
      </datafield>
      <datafield tag="300" ind1=" " ind2=" ">
         <subfield code="a">p. 488-495.</subfield>
      </datafield>
      <datafield tag="520" ind1=" " ind2=" ">
         <subfield code="a">The major processes generating pattern in plant community composition
        depend upon the spatial scale and resolution of observation, therefore understanding the
        role played by spatial scale on species patterns is of major concern. In this study, we
        investigate how well environmental (topography and soil variables) and spatial variables
        explain variation in species composition in a 25-ha temperate forest in northeastern China.
        We used new variation partitioning approaches to discover the spatial scale (using
        multi-scale spatial PCNM variables) at which environmental heterogeneity and other spatially
        structured processes influence tree community composition. We also test the effect of
        changing grain of the study (i.e. quadrat size) on the variation partitioning results. Our
        results indicate that (1) species composition in the Changbai mixed broadleaf-conifer forest
        was controlled mainly by spatially structured soil variation at broad scales, while at finer
        scales most of the explained variation was of a spatial nature, pointing to the importance
        of biotic processes. (2) These results held at all sampling grains. However, reducing
        quadrat size progressively reduced both spatially and environmentally explained variance.
        This probably partly reflects increasing stochasticity in species abundances, and the
        smaller proportion of quadrats occupied by each species, when quadrat size is reduced. The
        results suggest that environmental heterogeneity (i.e. niche processes) and other biotic
        processes such as dispersal work together, but at different spatial scales, to build up
        diversity patterns.</subfield>
      </datafield>
      <datafield tag="592" ind1=" " ind2=" ">
         <subfield code="a">Publisher supplied data</subfield>
      </datafield>
      <datafield tag="593" ind1=" " ind2=" ">
         <subfield code="a">PubAg article</subfield>
      </datafield>
      <datafield tag="650" ind1=" " ind2="3">
         <subfield code="a">botanical composition</subfield>
      </datafield>
      <datafield tag="650" ind1=" " ind2="3">
         <subfield code="a">community structure</subfield>
      </datafield>
      <datafield tag="650" ind1=" " ind2="3">
         <subfield code="a">forests</subfield>
      </datafield>
      <datafield tag="650" ind1=" " ind2="3">
         <subfield code="a">interspecific variation</subfield>
      </datafield>
      <datafield tag="650" ind1=" " ind2="3">
         <subfield code="a">trees</subfield>
      </datafield>
      <datafield tag="651" ind1=" " ind2="3">
         <subfield code="a">China</subfield>
      </datafield>
      <datafield tag="700" ind1="1" ind2=" ">
         <subfield code="a">Gazol, Antonio</subfield>
         <subfield code="e">author</subfield>
         <subfield code="u">Institute of Ecology and Earth Sciences, University of Tartu, Lai 40, Tartu
        51005, Estonia</subfield>
      </datafield>
      <datafield tag="700" ind1="1" ind2=" ">
         <subfield code="a">Wang, Xugao</subfield>
         <subfield code="e">author</subfield>
         <subfield code="u">State Key Laboratory of Forest and Soil Ecology, Institute of Applied
        Ecology, Chinese Academy of Sciences, Shenyang 110164, PR China</subfield>
      </datafield>
      <datafield tag="700" ind1="1" ind2=" ">
         <subfield code="a">Lin, Fei</subfield>
         <subfield code="e">author</subfield>
         <subfield code="u">State Key Laboratory of Forest and Soil Ecology, Institute of Applied
        Ecology, Chinese Academy of Sciences, Shenyang 110164, PR China; Graduate University of
        Chinese Academy of Science, Beijing 100049, PR China</subfield>
      </datafield>
      <datafield tag="700" ind1="1" ind2=" ">
         <subfield code="a">Ye, Ji</subfield>
         <subfield code="e">author</subfield>
         <subfield code="u">State Key Laboratory of Forest and Soil Ecology, Institute of Applied
        Ecology, Chinese Academy of Sciences, Shenyang 110164, PR China; Graduate University of
        Chinese Academy of Science, Beijing 100049, PR China</subfield>
      </datafield>
      <datafield tag="700" ind1="1" ind2=" ">
         <subfield code="a">Bai, Xuejiao</subfield>
         <subfield code="e">author</subfield>
         <subfield code="u">State Key Laboratory of Forest and Soil Ecology, Institute of Applied
        Ecology, Chinese Academy of Sciences, Shenyang 110164, PR China; Graduate University of
        Chinese Academy of Science, Beijing 100049, PR China</subfield>
      </datafield>
      <datafield tag="700" ind1="1" ind2=" ">
         <subfield code="a">Li, Buhang</subfield>
         <subfield code="e">author</subfield>
         <subfield code="u">State Key Laboratory of Forest and Soil Ecology, Institute of Applied
        Ecology, Chinese Academy of Sciences, Shenyang 110164, PR China; Graduate University of
        Chinese Academy of Science, Beijing 100049, PR China</subfield>
      </datafield>
      <datafield tag="700" ind1="1" ind2=" ">
         <subfield code="a">Hao, Zhanqing</subfield>
         <subfield code="e">author</subfield>
         <subfield code="u">State Key Laboratory of Forest and Soil Ecology, Institute of Applied
        Ecology, Chinese Academy of Sciences, Shenyang 110164, PR China</subfield>
      </datafield>
      <datafield tag="773" ind1="0" ind2=" ">
         <subfield code="t">Basic and applied ecology.</subfield>
         <subfield code="g">2011 Sept., v. 12, no. 6 p.488-495</subfield>
         <subfield code="d">Elsevier GmbH</subfield>
         <subfield code="x">1439-1791</subfield>
         <subfield code="7">nnas</subfield>
      </datafield>
      <datafield tag="787" ind1="1" ind2=" ">
         <subfield code="o">islandora_article_repository</subfield>
      </datafield>
      <datafield tag="787" ind1="1" ind2=" ">
         <subfield code="o">product_pubag</subfield>
      </datafield>
      <datafield tag="787" ind1="1" ind2=" ">
         <subfield code="o">(Journal)jnl3925117</subfield>
      </datafield>
      <datafield tag="856" ind1="4" ind2="0">
         <subfield code="u">http://dx.doi.org/10.1016/j.baae.2011.07.008</subfield>
         <subfield code="3">Available from publisher's site</subfield>
      </datafield>
      <datafield tag="912" ind1=" " ind2=" ">
         <subfield code="a">Article</subfield>
      </datafield>
      <datafield tag="914" ind1=" " ind2=" ">
         <subfield code="a">Journal:jnl3925117</subfield>
         <subfield code="b">1439-1791</subfield>
         <subfield code="c">12</subfield>
         <subfield code="d">6</subfield>
         <subfield code="e">488</subfield>
      </datafield>
      <datafield tag="914" ind1=" " ind2=" ">
         <subfield code="f">Basic and applied ecology</subfield>
      </datafield>
      <datafield tag="917" ind1=" " ind2=" ">
         <subfield code="a">issued</subfield>
      </datafield>
      <datafield tag="918" ind1="2" ind2=" ">
         <subfield code="a">Elsevier B.V.</subfield>
         <subfield code="e">provider</subfield>
         <subfield code="5">DNAL</subfield>
      </datafield>
      <datafield tag="935" ind1=" " ind2=" ">
         <subfield code="a">IND44831908</subfield>
         <subfield code="9">ExL</subfield>
      </datafield>
      <datafield tag="949" ind1=" " ind2=" ">
         <subfield code="a">2014-07-22</subfield>
      </datafield>
      <datafield tag="953" ind1=" " ind2=" ">
         <subfield code="a">NAL266601439179100120006.xml</subfield>
      </datafield>
      <datafield tag="962" ind1=" " ind2=" ">
         <subfield code="a">Batch:575 annotated on 2014-06-11T07:22:37Z</subfield>
      </datafield>
      <datafield tag="962" ind1=" " ind2=" ">
         <subfield code="a">Batch:575 reviewed on 2014-07-22T08:52:51Z</subfield>
      </datafield>
      <datafield tag="962" ind1=" " ind2=" ">
         <subfield code="a">Batch:575 reviewed on 2014-07-22T09:42:08Z</subfield>
      </datafield>
      <datafield tag="974" ind1=" " ind2=" ">
         <subfield code="a">agid:365688</subfield>
      </datafield>
      <datafield tag="983" ind1=" " ind2=" ">
         <subfield code="a">2014-11-10</subfield>
      </datafield>
      <datafield tag="984" ind1=" " ind2=" ">
         <subfield code="a">2014-11-10</subfield>
      </datafield>
   </record>