
   <!--Record: 111-->
   <record>
      <leader>03997nab a2200385 u 4500</leader>
      <controlfield tag="001">9915855352707426</controlfield>
      <controlfield tag="005">20221119082216.0</controlfield>
      <controlfield tag="008">151127e200612 xx |||||o|||||||||||eng||</controlfield>
      <datafield tag="016" ind1="7" ind2=" ">
         <subfield code="a">IND601302818</subfield>
         <subfield code="2">DNAL</subfield>
      </datafield>
      <datafield tag="024" ind1="7" ind2=" ">
         <subfield code="a">10.1656/1528-7092(2006)5[737:HITTII]2.0.CO;2</subfield>
         <subfield code="2">doi</subfield>
      </datafield>
      <datafield tag="035" ind1=" " ind2=" ">
         <subfield code="a">agid:1302818-01nal_inst</subfield>
      </datafield>
      <datafield tag="040" ind1=" " ind2=" ">
         <subfield code="a">AGL</subfield>
         <subfield code="b">eng</subfield>
         <subfield code="c">AGL</subfield>
      </datafield>
      <datafield tag="100" ind1="1" ind2=" ">
         <subfield code="a">Ugarte, Cristina A.</subfield>
         <subfield code="e">author</subfield>
         <subfield code="u">School of Natural Resources and the Environment, University of Florida,
        Everglades National Park Field Station, 40001 State Road 9336, Homestead, FL,
        33034</subfield>
      </datafield>
      <datafield tag="245" ind1="1" ind2="0">
         <subfield code="a">Hurricane Impacts to Tree Islands in Arthur R. Marshall Loxahatchee
        National Wildlife Refuge, Florida</subfield>
      </datafield>
      <datafield tag="300" ind1=" " ind2=" ">
         <subfield code="a">p. 737-746.</subfield>
      </datafield>
      <datafield tag="520" ind1=" " ind2=" ">
         <subfield code="a">Tree islands——small, wetland forest communities imbedded in a matrix of
        freshwater marsh——characterize Arthur R. Marshall Loxahatchee National Wildlife Refuge in
        South Florida. The establishment and spread of invasive exotic plant species were
        hypothesized to alter tree-island communities and prolong recovery times from hurricane
        disturbances. During the fall of 2004, two hurricanes, Frances and Jeanne, caused damage to
        these tree islands. We examined the spatial extent of damage to tree islands and tree
        species across the Refuge by sampling 74 islands. Each tree island was assigned an overall
        damage rating based on both the openness of the canopy and the type and quantity of damage
        received. Distance from the eye-wall of the hurricanes, tree-island size, average tree
        height on the island, and relative abundance of invasive exotic plants were examined as
        predictors of damage. Over 85%% of the sampled tree islands had damage, with most of the
        damage occurring in the center of the Refuge. Most tree islands were found to have moderate
        damage, (i.e., snapped large branches and less than 50%% canopy cover removed). Persea
        palustris (swamp bays) had more snapped trunks than Ilex cassine (dahoon holly) and Myrica
        cerifera (wax myrtle). Islands with larger trees had heavier damage than islands with shrubs
        or smaller trees. Fifty-eight percent of the tree islands sampled had either Lygodium
        microphyllum (lygodium) and/or Melaleuca quinquenervia (melaleuca). The only island with
        severe damage had abundant lygodium that appeared to have caused the entire canopy to
        collapse. These hurricanes present a unique opportunity to investigate recovery patterns of
        tree islands in an ecosystem impacted by invasive exotics. They also provide an opportunity
        to examine patterns of spread and recruitment of lygodium and melaleuca.</subfield>
      </datafield>
      <datafield tag="592" ind1=" " ind2=" ">
         <subfield code="a">Publisher supplied data</subfield>
      </datafield>
      <datafield tag="700" ind1="1" ind2=" ">
         <subfield code="a">Brandt, Laura A.</subfield>
         <subfield code="e">author</subfield>
         <subfield code="u">US Fish and Wildlife Service, Arthur R. Marshall Loxahatchee National
        Wildlife Refuge 10216 Lee Road, Boynton Beach, FL, 33437</subfield>
      </datafield>
      <datafield tag="700" ind1="1" ind2=" ">
         <subfield code="a">Melvin, Stefani</subfield>
         <subfield code="e">author</subfield>
         <subfield code="u">US Fish and Wildlife Service, Arthur R. Marshall Loxahatchee National
        Wildlife Refuge 10216 Lee Road, Boynton Beach, FL, 33437</subfield>
      </datafield>
      <datafield tag="700" ind1="1" ind2=" ">
         <subfield code="a">Mazzotti, Frank J.</subfield>
         <subfield code="e">author</subfield>
         <subfield code="u">Department of Wildlife Ecology and Conservation, FLREC, University of
        Florida, 3205 College Avenue, Fort Lauderdale, FL 33314-7799</subfield>
      </datafield>
      <datafield tag="700" ind1="1" ind2=" ">
         <subfield code="a">Rice, Kenneth G.</subfield>
         <subfield code="e">author</subfield>
         <subfield code="u">United States Geological Survey, Florida Integrated Science Center, Center
        for Water and Restoration Studies, University of Florida Field Station, 3205 College Avenue,
        Fort Lauderdale, FL. 33314-7799</subfield>
      </datafield>
      <datafield tag="773" ind1="0" ind2=" ">
         <subfield code="t">Southeastern naturalist.</subfield>
         <subfield code="g">2006 Dec., v. 5, no. 4 p.737-746</subfield>
         <subfield code="d">Southeastern Naturalist</subfield>
         <subfield code="x">1528-7092</subfield>
         <subfield code="7">nnas</subfield>
      </datafield>
      <datafield tag="787" ind1="1" ind2=" ">
         <subfield code="o">islandora_article_repository</subfield>
      </datafield>
      <datafield tag="787" ind1="1" ind2=" ">
         <subfield code="o">(Journal)jnl4053496</subfield>
      </datafield>
      <datafield tag="856" ind1="4" ind2="0">
         <subfield code="u">http://dx.doi.org/10.1656%2F1528-7092%282006%295%5B737%3AHITTII%5D2.0.CO%3B2</subfield>
         <subfield code="3">Available from publisher's site</subfield>
      </datafield>
      <datafield tag="912" ind1=" " ind2=" ">
         <subfield code="a">Article</subfield>
      </datafield>
      <datafield tag="914" ind1=" " ind2=" ">
         <subfield code="a">Journal:jnl4053496</subfield>
         <subfield code="b">1528-7092</subfield>
         <subfield code="c">5</subfield>
         <subfield code="d">4</subfield>
         <subfield code="e">737</subfield>
      </datafield>
      <datafield tag="914" ind1=" " ind2=" ">
         <subfield code="f">Southeastern naturalist</subfield>
      </datafield>
      <datafield tag="917" ind1=" " ind2=" ">
         <subfield code="a">hold</subfield>
      </datafield>
      <datafield tag="918" ind1="2" ind2=" ">
         <subfield code="a">BioOne</subfield>
         <subfield code="e">provider</subfield>
         <subfield code="5">DNAL</subfield>
      </datafield>
      <datafield tag="935" ind1=" " ind2=" ">
         <subfield code="a">IND601302818</subfield>
         <subfield code="9">ExL</subfield>
      </datafield>
      <datafield tag="953" ind1=" " ind2=" ">
         <subfield code="a">SENAv5i4-04290014-174740.zip</subfield>
      </datafield>
      <datafield tag="974" ind1=" " ind2=" ">
         <subfield code="a">agid:1302818</subfield>
      </datafield>
      <datafield tag="983" ind1=" " ind2=" ">
         <subfield code="a">2015-11-27</subfield>
      </datafield>
      <datafield tag="984" ind1=" " ind2=" ">
         <subfield code="a">2015-11-27</subfield>
      </datafield>
   </record>