
   <!--Record: 112-->
   <record>
      <leader>04644nab a2200565 u 4500</leader>
      <controlfield tag="001">9915855604507426</controlfield>
      <controlfield tag="005">20221119082132.0</controlfield>
      <controlfield tag="008">190314e201803 xx |||||o|||||||||||eng||</controlfield>
      <datafield tag="016" ind1="7" ind2=" ">
         <subfield code="a">IND605906100</subfield>
         <subfield code="2">DNAL</subfield>
      </datafield>
      <datafield tag="024" ind1="7" ind2=" ">
         <subfield code="a">10.1007/s13595-018-0698-6</subfield>
         <subfield code="2">doi</subfield>
      </datafield>
      <datafield tag="035" ind1=" " ind2=" ">
         <subfield code="a">agid:5906100-01nal_inst</subfield>
      </datafield>
      <datafield tag="040" ind1=" " ind2=" ">
         <subfield code="a">AGL</subfield>
         <subfield code="b">eng</subfield>
         <subfield code="c">AGL</subfield>
      </datafield>
      <datafield tag="100" ind1="1" ind2=" ">
         <subfield code="a">Rodríguez-Ramírez, Ernesto Chanes</subfield>
         <subfield code="e">author</subfield>
         <subfield code="u">Laboratorio de Biogeografía y Sistemática, Facultad de Ciencias,
        Universidad Nacional Autónoma de México, Mexico City, Mexico</subfield>
      </datafield>
      <datafield tag="245" ind1="1" ind2="0">
         <subfield code="a">Spatial patterns of Mexican beech seedlings (Fagus grandifolia subsp.
        mexicana (Martínez) A.E. Murray): influence of canopy openness and conspecific trees on
        recruitment mechanisms</subfield>
      </datafield>
      <datafield tag="300" ind1=" " ind2=" ">
         <subfield code="a">p. 27.</subfield>
      </datafield>
      <datafield tag="520" ind1=" " ind2=" ">
         <subfield code="a">KEY MESSAGE : Recruitment strategies of Mexican beech seedlings depend on
        mother tree distribution and light incidence in early stages of development. Spatial
        patterns are also affected by the structure and composition of tree species within Mexican
        beech forests. CONTEXT : Canopy openness and conspecific trees play a key role in Mexican
        beech spatial distribution and might strongly influence ecosystem functioning in the
        Tropical Montane Cloud Forest. The observed relationship between diameter at breast height
        of conspecific trees and the spatial distribution of beech seedlings indicates that
        structure and composition of tree species are crucial for the establishment and survival of
        seedlings, providing protection during the first developmental stages. AIMS : To describe
        the spatial patterns of beech seedlings’ distribution after a masting event and to evaluate
        the association of these patterns with canopy openness, conspecific tree distribution, and
        occurrence of other canopy species. METHODS : We sampled individual Mexican beech seedlings
        on two highly conserved beech forests. We selected 100 subplots (10 × 10 m) on each one to
        measure seedlings and spatial attributes. We counted the number of beech seedlings and
        number of mature trees species on each subplot. In addition, we measured the levels of
        canopy openness and the diameter at breast height for all mature trees in each subplot.
        Spatial pattern of beech seedlings and their association with adult trees and other species
        were examined. RESULTS : Mexican beech seedlings showed significant pattern of spatial
        aggregation. Significant associations were found between beech seedlings, canopy openness,
        and beech tree adults, while significant disassociations exist among beech seedlings and
        other species of trees such as Quercus meavei, Q. delgadoana, Q. trinitatis, and Magnolia
        schiedeana. CONCLUSION : The presence of oak species and Magnolia schiedeana in the
        surroundings and the structure and composition within forests may play a key role in the
        maintenance of the specific micro-environmental conditions required by Mexican beech
        recruitment after a masting event.</subfield>
      </datafield>
      <datafield tag="592" ind1=" " ind2=" ">
         <subfield code="a">Publisher supplied data</subfield>
      </datafield>
      <datafield tag="593" ind1=" " ind2=" ">
         <subfield code="a">PubAg article</subfield>
      </datafield>
      <datafield tag="650" ind1=" " ind2="3">
         <subfield code="a">Fagus grandifolia</subfield>
      </datafield>
      <datafield tag="650" ind1=" " ind2="3">
         <subfield code="a">Magnolia</subfield>
      </datafield>
      <datafield tag="650" ind1=" " ind2="3">
         <subfield code="a">Quercus</subfield>
      </datafield>
      <datafield tag="650" ind1=" " ind2="3">
         <subfield code="a">canopy</subfield>
      </datafield>
      <datafield tag="650" ind1=" " ind2="3">
         <subfield code="a">mature plants</subfield>
      </datafield>
      <datafield tag="650" ind1=" " ind2="3">
         <subfield code="a">seedlings</subfield>
      </datafield>
      <datafield tag="650" ind1=" " ind2="3">
         <subfield code="a">species recruitment</subfield>
      </datafield>
      <datafield tag="650" ind1=" " ind2="3">
         <subfield code="a">tree and stand measurements</subfield>
      </datafield>
      <datafield tag="650" ind1=" " ind2="3">
         <subfield code="a">trees</subfield>
      </datafield>
      <datafield tag="650" ind1=" " ind2="3">
         <subfield code="a">tropical montane cloud forests</subfield>
      </datafield>
      <datafield tag="651" ind1=" " ind2="3">
         <subfield code="a">Mexico</subfield>
      </datafield>
      <datafield tag="700" ind1="1" ind2=" ">
         <subfield code="a">Martínez-Falcón, Ana Paola</subfield>
         <subfield code="e">author</subfield>
         <subfield code="u">Centro de Investigaciones Biológicas, Instituto de Ciencias Básicas e
        Ingeniería, Universidad Autónoma del Estado de Hidalgo, Carretera Pachuca-Tulancingo km 4.5,
        C.P. 42184, Mineral de la Reforma, Hidalgo, Mexico</subfield>
      </datafield>
      <datafield tag="700" ind1="1" ind2=" ">
         <subfield code="a">Luna-Vega, Isolda</subfield>
         <subfield code="e">author</subfield>
         <subfield code="u">Laboratorio de Biogeografía y Sistemática, Facultad de Ciencias,
        Universidad Nacional Autónoma de México, Mexico City, Mexico.
        luna.isolda@gmail.com</subfield>
      </datafield>
      <datafield tag="773" ind1="0" ind2=" ">
         <subfield code="t">Annals of forest science.</subfield>
         <subfield code="g">2018 Mar., v. 75, no. 1 p.27-27</subfield>
         <subfield code="d">Springer Paris</subfield>
         <subfield code="w">Journal:2137</subfield>
         <subfield code="x">1286-4560</subfield>
         <subfield code="7">nnas</subfield>
      </datafield>
      <datafield tag="787" ind1="1" ind2=" ">
         <subfield code="o">islandora_article_repository</subfield>
      </datafield>
      <datafield tag="787" ind1="1" ind2=" ">
         <subfield code="o">product_pubag</subfield>
      </datafield>
      <datafield tag="787" ind1="1" ind2=" ">
         <subfield code="o">(Journal)2137</subfield>
      </datafield>
      <datafield tag="856" ind1="4" ind2="0">
         <subfield code="u">https://dx.doi.org/10.1007/s13595-018-0698-6</subfield>
         <subfield code="3">Available from publisher's site</subfield>
      </datafield>
      <datafield tag="912" ind1=" " ind2=" ">
         <subfield code="a">Article</subfield>
      </datafield>
      <datafield tag="914" ind1=" " ind2=" ">
         <subfield code="a">Journal:2137</subfield>
         <subfield code="b">1286-4560</subfield>
         <subfield code="c">75</subfield>
         <subfield code="d">1</subfield>
         <subfield code="e">27</subfield>
      </datafield>
      <datafield tag="914" ind1=" " ind2=" ">
         <subfield code="f">Annals of forest science</subfield>
      </datafield>
      <datafield tag="916" ind1=" " ind2=" ">
         <subfield code="a">Batch:1939</subfield>
      </datafield>
      <datafield tag="917" ind1=" " ind2=" ">
         <subfield code="a">issued</subfield>
      </datafield>
      <datafield tag="918" ind1="2" ind2=" ">
         <subfield code="a">Springer</subfield>
         <subfield code="e">provider</subfield>
         <subfield code="5">DNAL</subfield>
      </datafield>
      <datafield tag="935" ind1=" " ind2=" ">
         <subfield code="a">IND605906100</subfield>
         <subfield code="9">ExL</subfield>
      </datafield>
      <datafield tag="949" ind1=" " ind2=" ">
         <subfield code="a">2019-03-14</subfield>
      </datafield>
      <datafield tag="953" ind1=" " ind2=" ">
         <subfield code="a">/data/metadata/incoming/springer/ftp_PUB_19-03-13_06-07-18.zip</subfield>
      </datafield>
      <datafield tag="954" ind1=" " ind2=" ">
         <subfield code="a">file:/data/metadata/staging/springer/13595-75-1.xml</subfield>
      </datafield>
      <datafield tag="955" ind1=" " ind2=" ">
         <subfield code="a">/data/metadata/staging/springer/</subfield>
      </datafield>
      <datafield tag="974" ind1=" " ind2=" ">
         <subfield code="a">agid:5906100</subfield>
      </datafield>
      <datafield tag="983" ind1=" " ind2=" ">
         <subfield code="a">2019-03-14</subfield>
      </datafield>
      <datafield tag="984" ind1=" " ind2=" ">
         <subfield code="a">2019-03-14</subfield>
      </datafield>
   </record>