
   <!--Record: 113-->
   <record>
      <leader>05250nab a2200769 u 4500</leader>
      <controlfield tag="001">9915855774107426</controlfield>
      <controlfield tag="005">20221119082652.0</controlfield>
      <controlfield tag="008">200601e202005 xx |||||o|||||||||||eng||</controlfield>
      <datafield tag="016" ind1="7" ind2=" ">
         <subfield code="a">IND606968311</subfield>
         <subfield code="2">DNAL</subfield>
      </datafield>
      <datafield tag="024" ind1="7" ind2=" ">
         <subfield code="a">10.1002/ecs2.3108</subfield>
         <subfield code="2">doi</subfield>
      </datafield>
      <datafield tag="035" ind1=" " ind2=" ">
         <subfield code="a">agid:6968311-01nal_inst</subfield>
      </datafield>
      <datafield tag="040" ind1=" " ind2=" ">
         <subfield code="a">AGL</subfield>
         <subfield code="b">eng</subfield>
         <subfield code="c">AGL</subfield>
      </datafield>
      <datafield tag="100" ind1="1" ind2=" ">
         <subfield code="a">Evans, Piers</subfield>
         <subfield code="e">author</subfield>
         <subfield code="u">Department of Geography, Memorial University, 230 Elizabeth Avenue, St.
        John’s, Newfoundland and Labrador, A1B 3X9, Canada</subfield>
         <subfield code="1">https://orcid.org/0000-0002-4860-5880</subfield>
      </datafield>
      <datafield tag="245" ind1="1" ind2="0">
         <subfield code="a">Biotic filtering of northern temperate tree seedling emergence in
        beyond‐range field experiments</subfield>
      </datafield>
      <datafield tag="500" ind1=" " ind2=" ">
         <subfield code="a">JOURNAL ARTICLE</subfield>
      </datafield>
      <datafield tag="520" ind1=" " ind2=" ">
         <subfield code="a">Changing climatic regimes are causing increasing temperatures, changing
        precipitation patterns, and are subsequently expected to impact the spatial distribution of
        species. The distribution of plants at the scale of continents broadly conforms to the
        climatological regimes at play; however, in scaling down to the regional and landscape
        context, the influence of climate becomes confounded by complex and interacting biotic and
        abiotic factors. These factors have often been cited as important variables in determining
        the locations of biome overlap, including the boreal forest–temperate forest ecotone (BTE).
        The BTE exists as a broad latitudinal swath between the boreal and temperate forest biomes
        in the eastern half of North America. While the impact of non‐climatic factors on the
        location of the BTE has been investigated within the ecotone, few studies focus on how these
        same factors are shaping the colonization of the southern boreal forest by northern
        temperate tree species as part of a potential northward shift of the BTE. The effects of
        seed and seedling herbivory, substrate composition, microclimate, and canopy composition on
        seedling emergence of four northern temperate tree species were investigated in a
        beyond‐range seeding experiment spanning the southern portion of the island of Newfoundland,
        Canada. To represent a range of temperate tree reproductive strategies, we examined two
        small‐seeded tree species, Betula alleghaniensis and Thuja occidentalis, and two tree
        species with large seeds relative to typical boreal forest species, Acer saccharum and
        Fraxinus nigra. The results of this experiment show a reproductive strategy‐dependent
        emergence response; large seeds and seedlings appear more vulnerable to predation, while
        small seeds are more vulnerable to smothering by leaf litter. Canopies with greater
        representation of deciduous species posed a significant barrier to small seeds that produce
        small seedlings, while the food‐rich reward of the larger seeds made for attractive targets
        to granivorous vertebrates. This work represents a rare glimpse at the challenges northern
        temperate tree species will face if they are to colonize the southern boreal forest and
        track changing climates as is broadly expected.</subfield>
      </datafield>
      <datafield tag="592" ind1=" " ind2=" ">
         <subfield code="a">Publisher supplied data</subfield>
      </datafield>
      <datafield tag="593" ind1=" " ind2=" ">
         <subfield code="a">PubAg article</subfield>
      </datafield>
      <datafield tag="596" ind1=" " ind2=" ">
         <subfield code="c">Natural Sciences and Engineering Research Council of Canada</subfield>
      </datafield>
      <datafield tag="596" ind1=" " ind2=" ">
         <subfield code="c">Research and Development Corporation of Newfoundland and
        Labrador</subfield>
      </datafield>
      <datafield tag="596" ind1=" " ind2=" ">
         <subfield code="c">Memorial University of Newfoundland</subfield>
      </datafield>
      <datafield tag="650" ind1=" " ind2="3">
         <subfield code="a">Acer saccharum</subfield>
      </datafield>
      <datafield tag="650" ind1=" " ind2="3">
         <subfield code="a">Betula alleghaniensis</subfield>
      </datafield>
      <datafield tag="650" ind1=" " ind2="3">
         <subfield code="a">Fraxinus nigra</subfield>
      </datafield>
      <datafield tag="650" ind1=" " ind2="3">
         <subfield code="a">Thuja occidentalis</subfield>
      </datafield>
      <datafield tag="650" ind1=" " ind2="3">
         <subfield code="a">boreal forests</subfield>
      </datafield>
      <datafield tag="650" ind1=" " ind2="3">
         <subfield code="a">canopy</subfield>
      </datafield>
      <datafield tag="650" ind1=" " ind2="3">
         <subfield code="a">climate change</subfield>
      </datafield>
      <datafield tag="650" ind1=" " ind2="3">
         <subfield code="a">ecosystems</subfield>
      </datafield>
      <datafield tag="650" ind1=" " ind2="3">
         <subfield code="a">ecotones</subfield>
      </datafield>
      <datafield tag="650" ind1=" " ind2="3">
         <subfield code="a">environmental factors</subfield>
      </datafield>
      <datafield tag="650" ind1=" " ind2="3">
         <subfield code="a">field experimentation</subfield>
      </datafield>
      <datafield tag="650" ind1=" " ind2="3">
         <subfield code="a">granivores</subfield>
      </datafield>
      <datafield tag="650" ind1=" " ind2="3">
         <subfield code="a">landscapes</subfield>
      </datafield>
      <datafield tag="650" ind1=" " ind2="3">
         <subfield code="a">microclimate</subfield>
      </datafield>
      <datafield tag="650" ind1=" " ind2="3">
         <subfield code="a">plant litter</subfield>
      </datafield>
      <datafield tag="650" ind1=" " ind2="3">
         <subfield code="a">predation</subfield>
      </datafield>
      <datafield tag="650" ind1=" " ind2="3">
         <subfield code="a">seedling emergence</subfield>
      </datafield>
      <datafield tag="650" ind1=" " ind2="3">
         <subfield code="a">seedlings</subfield>
      </datafield>
      <datafield tag="650" ind1=" " ind2="3">
         <subfield code="a">seeds</subfield>
      </datafield>
      <datafield tag="650" ind1=" " ind2="3">
         <subfield code="a">sowing</subfield>
      </datafield>
      <datafield tag="650" ind1=" " ind2="3">
         <subfield code="a">temperate forests</subfield>
      </datafield>
      <datafield tag="650" ind1=" " ind2="3">
         <subfield code="a">temperature</subfield>
      </datafield>
      <datafield tag="650" ind1=" " ind2="3">
         <subfield code="a">trees</subfield>
      </datafield>
      <datafield tag="650" ind1=" " ind2="3">
         <subfield code="a">vertebrates</subfield>
      </datafield>
      <datafield tag="651" ind1=" " ind2="3">
         <subfield code="a">Newfoundland and Labrador</subfield>
      </datafield>
      <datafield tag="700" ind1="1" ind2=" ">
         <subfield code="a">Crofts, Anna L.</subfield>
         <subfield code="e">author</subfield>
         <subfield code="u">Department of Geography, Memorial University, 230 Elizabeth Avenue, St.
        John’s, Newfoundland and Labrador, A1B 3X9, Canada</subfield>
         <subfield code="1">https://orcid.org/0000-0002-0098-1844</subfield>
      </datafield>
      <datafield tag="700" ind1="1" ind2=" ">
         <subfield code="a">Brown, Carissa D.</subfield>
         <subfield code="e">author</subfield>
         <subfield code="u">Department of Geography, Memorial University, 230 Elizabeth Avenue, St.
        John’s, Newfoundland and Labrador, A1B 3X9, Canada</subfield>
         <subfield code="1">https://orcid.org/0000-0002-1587-6641</subfield>
      </datafield>
      <datafield tag="773" ind1="0" ind2=" ">
         <subfield code="t">Ecosphere.</subfield>
         <subfield code="g">2020 May, v. 11, no. 5 p.e03108-</subfield>
         <subfield code="d">John Wiley &amp; Sons, Ltd</subfield>
         <subfield code="w">Journal:12363</subfield>
         <subfield code="x">2150-8925</subfield>
         <subfield code="7">nnas</subfield>
      </datafield>
      <datafield tag="787" ind1="1" ind2=" ">
         <subfield code="o">islandora_article_repository</subfield>
      </datafield>
      <datafield tag="787" ind1="1" ind2=" ">
         <subfield code="o">product_pubag</subfield>
      </datafield>
      <datafield tag="787" ind1="1" ind2=" ">
         <subfield code="o">(Journal)12363</subfield>
      </datafield>
      <datafield tag="856" ind1="4" ind2="0">
         <subfield code="u">http://dx.doi.org/10.1002/ecs2.3108</subfield>
         <subfield code="3">Available from publisher's site</subfield>
      </datafield>
      <datafield tag="912" ind1=" " ind2=" ">
         <subfield code="a">Article</subfield>
      </datafield>
      <datafield tag="914" ind1=" " ind2=" ">
         <subfield code="a">Journal:12363</subfield>
         <subfield code="b">2150-8925</subfield>
         <subfield code="c">11</subfield>
         <subfield code="d">5</subfield>
         <subfield code="e">e03108</subfield>
      </datafield>
      <datafield tag="914" ind1=" " ind2=" ">
         <subfield code="f">Ecosphere</subfield>
      </datafield>
      <datafield tag="916" ind1=" " ind2=" ">
         <subfield code="a">Batch:2617</subfield>
      </datafield>
      <datafield tag="917" ind1=" " ind2=" ">
         <subfield code="a">issued</subfield>
      </datafield>
      <datafield tag="918" ind1="2" ind2=" ">
         <subfield code="a">John Wiley &amp; Sons, Inc</subfield>
         <subfield code="e">provider</subfield>
         <subfield code="5">DNAL</subfield>
      </datafield>
      <datafield tag="935" ind1=" " ind2=" ">
         <subfield code="a">IND606968311</subfield>
         <subfield code="9">ExL</subfield>
      </datafield>
      <datafield tag="949" ind1=" " ind2=" ">
         <subfield code="a">2020-12-10</subfield>
      </datafield>
      <datafield tag="953" ind1=" " ind2=" ">
         <subfield code="a">/data/metadata/incoming/wiley/21508925_2020_11_5.xml</subfield>
      </datafield>
      <datafield tag="954" ind1=" " ind2=" ">
         <subfield code="a">file:/data/metadata/staging/wiley/21508925_2020_11_5.xml</subfield>
      </datafield>
      <datafield tag="955" ind1=" " ind2=" ">
         <subfield code="a">/data/metadata/staging/wiley/</subfield>
      </datafield>
      <datafield tag="974" ind1=" " ind2=" ">
         <subfield code="a">agid:6968311</subfield>
      </datafield>
      <datafield tag="983" ind1=" " ind2=" ">
         <subfield code="a">2020-06-01</subfield>
      </datafield>
      <datafield tag="984" ind1=" " ind2=" ">
         <subfield code="a">2020-12-10</subfield>
      </datafield>
   </record>