
   <!--Record: 114-->
   <record>
      <leader>05396nab a2200661 u 4500</leader>
      <controlfield tag="001">9915855902207426</controlfield>
      <controlfield tag="005">20221119083929.0</controlfield>
      <controlfield tag="008">200502e202005 xx |||||o|||||||||||eng||</controlfield>
      <datafield tag="016" ind1="7" ind2=" ">
         <subfield code="a">IND606920777</subfield>
         <subfield code="2">DNAL</subfield>
      </datafield>
      <datafield tag="024" ind1="7" ind2=" ">
         <subfield code="a">10.1007/s11356-020-08283-5</subfield>
         <subfield code="2">doi</subfield>
      </datafield>
      <datafield tag="035" ind1=" " ind2=" ">
         <subfield code="a">agid:6920777-01nal_inst</subfield>
      </datafield>
      <datafield tag="040" ind1=" " ind2=" ">
         <subfield code="a">AGL</subfield>
         <subfield code="b">eng</subfield>
         <subfield code="c">AGL</subfield>
      </datafield>
      <datafield tag="100" ind1="1" ind2=" ">
         <subfield code="a">Ren, Heng</subfield>
         <subfield code="e">author</subfield>
         <subfield code="u">Linze Inland River Basin Research Station, Key Laboratory of Inland River
        Basin Ecohydrology, Northwest Institute of Eco-Environment and Resources, Chinese Academy of
        Sciences, Lanzhou, 730000, Gansu, China</subfield>
      </datafield>
      <datafield tag="245" ind1="1" ind2="0">
         <subfield code="a">Response of individual sizes and spatial patterns of Deyeuxia angustifolia
        to increasing water level gradient in a freshwater wetland</subfield>
      </datafield>
      <datafield tag="300" ind1=" " ind2=" ">
         <subfield code="a">p. 17085-17092.</subfield>
      </datafield>
      <datafield tag="500" ind1=" " ind2=" ">
         <subfield code="a">NAL-AP-2-clean</subfield>
      </datafield>
      <datafield tag="520" ind1=" " ind2=" ">
         <subfield code="a">The wetland plants are very sensitive to hydrological regimes. In this
        study, the individual sizes of a widely distributed species (i.e., Deyeuxia angustifolia) at
        three typical marshes with different water table depths (i.e., wet meadow (WM) marsh;
        seasonal inundated (SI) marsh; perennial inundated (PI) marsh) were investigated in the
        Sanjiang Plain of Northeast China. Concurrently, three primary point pattern processes
        (homogeneous Poisson (HP) process, homogeneous Thomas (HT) process, and inhomogeneous Thomas
        (IT) process) were used to model spatial patterns in the distribution at 0–50 cm scale for
        this tillering-cloning species. The plant height, diameter at breast height (d.b.h),
        internode number, branches number, and individual aboveground biomass of D. angustifolia
        decreased sharply with rising water level; however, its density and coverage increased first
        and then decreased as water level increases. The distribution of D. angustifolia totally
        diverged from the complete spatial randomness (CSR) model (i.e., HP process) suggesting
        strong aggregation at 0–50 cm scale in all marshes, and aggregated intensity enhanced with
        increasing water level. Interestingly, the spatial distribution of D. angustifolia fits
        better with the nested double-cluster model (i.e., IT process) at all scales in WM and SI
        marshes, indicating that there is a series of clustered patterns under the slight flood
        stress. However, the spatial pattern fits well with the Poisson cluster model (i.e., HT
        process) at all scales in PI marsh, implying the small-scale clustering disappeared with the
        intensification of flooding stress. Our results highlight that the D. angustifolia
        population could adapt to flooding stress in a certain degree via individual miniaturization
        strategies and multi-aggregation mechanisms in the freshwater wetlands.</subfield>
      </datafield>
      <datafield tag="592" ind1=" " ind2=" ">
         <subfield code="a">Publisher supplied data</subfield>
      </datafield>
      <datafield tag="593" ind1=" " ind2=" ">
         <subfield code="a">PubAg article</subfield>
      </datafield>
      <datafield tag="596" ind1=" " ind2=" ">
         <subfield code="a">41620104005</subfield>
         <subfield code="c">NSFC Projects of International Cooperation and Exchanges</subfield>
      </datafield>
      <datafield tag="596" ind1=" " ind2=" ">
         <subfield code="a">41601056 and 41907407</subfield>
         <subfield code="c">National Natural Science Foundation of China</subfield>
      </datafield>
      <datafield tag="596" ind1=" " ind2=" ">
         <subfield code="a">2019418</subfield>
         <subfield code="c">Youth Innovation Promotion Association of the Chinese Academy of
        Sciences</subfield>
      </datafield>
      <datafield tag="596" ind1=" " ind2=" ">
         <subfield code="a">IGA-135-05</subfield>
         <subfield code="c">Northeast Institute of Geography and Agroecology, Chinese Academy of
        Sciences (CN)</subfield>
      </datafield>
      <datafield tag="650" ind1=" " ind2="3">
         <subfield code="a">Calamagrostis</subfield>
      </datafield>
      <datafield tag="650" ind1=" " ind2="3">
         <subfield code="a">aboveground biomass</subfield>
      </datafield>
      <datafield tag="650" ind1=" " ind2="3">
         <subfield code="a">freshwater</subfield>
      </datafield>
      <datafield tag="650" ind1=" " ind2="3">
         <subfield code="a">marshes</subfield>
      </datafield>
      <datafield tag="650" ind1=" " ind2="3">
         <subfield code="a">meadows</subfield>
      </datafield>
      <datafield tag="650" ind1=" " ind2="3">
         <subfield code="a">models</subfield>
      </datafield>
      <datafield tag="650" ind1=" " ind2="3">
         <subfield code="a">plant height</subfield>
      </datafield>
      <datafield tag="650" ind1=" " ind2="3">
         <subfield code="a">pollution</subfield>
      </datafield>
      <datafield tag="650" ind1=" " ind2="3">
         <subfield code="a">research</subfield>
      </datafield>
      <datafield tag="650" ind1=" " ind2="3">
         <subfield code="a">tree and stand measurements</subfield>
      </datafield>
      <datafield tag="650" ind1=" " ind2="3">
         <subfield code="a">water table</subfield>
      </datafield>
      <datafield tag="651" ind1=" " ind2="3">
         <subfield code="a">China</subfield>
      </datafield>
      <datafield tag="700" ind1="1" ind2=" ">
         <subfield code="a">Shi, Fu-xi</subfield>
         <subfield code="e">author</subfield>
         <subfield code="u">Key Laboratory of State Forestry and Grassland Administration on Forest
        Ecosystem Protection and Restoration of Poyang Lake Watershed, College of Forestry, Jiangxi
        Agricultural University, No. 1101 Zhimin Road, Nanchang, 330045, China.
        shifuxi2008@163.com</subfield>
      </datafield>
      <datafield tag="700" ind1="1" ind2=" ">
         <subfield code="a">Mao, Rong</subfield>
         <subfield code="e">author</subfield>
         <subfield code="u">Key Laboratory of State Forestry and Grassland Administration on Forest
        Ecosystem Protection and Restoration of Poyang Lake Watershed, College of Forestry, Jiangxi
        Agricultural University, No. 1101 Zhimin Road, Nanchang, 330045, China</subfield>
      </datafield>
      <datafield tag="700" ind1="1" ind2=" ">
         <subfield code="a">Guo, Yue-dong</subfield>
         <subfield code="e">author</subfield>
         <subfield code="u">Key Laboratory of Wetland Ecology and Environment, Northeast Institute of
        Geography and Agroecology, Chinese Academy of Sciences, Changchun, 130102, China</subfield>
      </datafield>
      <datafield tag="700" ind1="1" ind2=" ">
         <subfield code="a">Zhao, Wen-zhi</subfield>
         <subfield code="e">author</subfield>
         <subfield code="u">Linze Inland River Basin Research Station, Key Laboratory of Inland River
        Basin Ecohydrology, Northwest Institute of Eco-Environment and Resources, Chinese Academy of
        Sciences, Lanzhou, 730000, Gansu, China</subfield>
      </datafield>
      <datafield tag="773" ind1="0" ind2=" ">
         <subfield code="t">Environmental science and pollution research international.</subfield>
         <subfield code="g">2020 May, v. 27, no. 14 p.17085-17092</subfield>
         <subfield code="d">Springer Berlin Heidelberg</subfield>
         <subfield code="w">Journal:jnl4122550</subfield>
         <subfield code="x">0944-1344</subfield>
         <subfield code="7">nnas</subfield>
      </datafield>
      <datafield tag="787" ind1="1" ind2=" ">
         <subfield code="o">islandora_article_repository</subfield>
      </datafield>
      <datafield tag="787" ind1="1" ind2=" ">
         <subfield code="o">product_pubag</subfield>
      </datafield>
      <datafield tag="787" ind1="1" ind2=" ">
         <subfield code="o">(Journal)jnl4122550</subfield>
      </datafield>
      <datafield tag="856" ind1="4" ind2="0">
         <subfield code="u">http://dx.doi.org/10.1007/s11356-020-08283-5</subfield>
         <subfield code="3">Available from publisher's site</subfield>
      </datafield>
      <datafield tag="912" ind1=" " ind2=" ">
         <subfield code="a">Article</subfield>
      </datafield>
      <datafield tag="914" ind1=" " ind2=" ">
         <subfield code="a">Journal:jnl4122550</subfield>
         <subfield code="b">0944-1344</subfield>
         <subfield code="c">27</subfield>
         <subfield code="d">14</subfield>
         <subfield code="e">17085</subfield>
      </datafield>
      <datafield tag="914" ind1=" " ind2=" ">
         <subfield code="f">Environmental science and pollution research international</subfield>
      </datafield>
      <datafield tag="916" ind1=" " ind2=" ">
         <subfield code="a">Batch:10117</subfield>
      </datafield>
      <datafield tag="917" ind1=" " ind2=" ">
         <subfield code="a">issued</subfield>
      </datafield>
      <datafield tag="918" ind1="2" ind2=" ">
         <subfield code="a">Springer</subfield>
         <subfield code="e">provider</subfield>
         <subfield code="5">DNAL</subfield>
      </datafield>
      <datafield tag="935" ind1=" " ind2=" ">
         <subfield code="a">IND606920777</subfield>
         <subfield code="9">ExL</subfield>
      </datafield>
      <datafield tag="949" ind1=" " ind2=" ">
         <subfield code="a">2021-08-30</subfield>
      </datafield>
      <datafield tag="953" ind1=" " ind2=" ">
         <subfield code="a">/data/metadata/incoming/springer/ftp_PUB_20-05-01_05-34-07.zip</subfield>
      </datafield>
      <datafield tag="954" ind1=" " ind2=" ">
         <subfield code="a">file:/data/metadata/staging/springer/11356-27-14.xml</subfield>
      </datafield>
      <datafield tag="955" ind1=" " ind2=" ">
         <subfield code="a">/data/metadata/staging/springer/</subfield>
      </datafield>
      <datafield tag="974" ind1=" " ind2=" ">
         <subfield code="a">agid:6920777</subfield>
      </datafield>
      <datafield tag="983" ind1=" " ind2=" ">
         <subfield code="a">2020-05-02</subfield>
      </datafield>
      <datafield tag="984" ind1=" " ind2=" ">
         <subfield code="a">2021-08-30</subfield>
      </datafield>
   </record>