
   <!--Record: 115-->
   <record>
      <leader>05797nab a2200745 u 4500</leader>
      <controlfield tag="001">9915856030607426</controlfield>
      <controlfield tag="005">20221119083735.0</controlfield>
      <controlfield tag="008">220205e202202 xx |||||o|||||||||||eng||</controlfield>
      <datafield tag="016" ind1="7" ind2=" ">
         <subfield code="a">IND607595392</subfield>
         <subfield code="2">DNAL</subfield>
      </datafield>
      <datafield tag="024" ind1="7" ind2=" ">
         <subfield code="a">10.1016/j.rse.2021.112847</subfield>
         <subfield code="2">doi</subfield>
      </datafield>
      <datafield tag="035" ind1=" " ind2=" ">
         <subfield code="a">agid:7595392-01nal_inst</subfield>
      </datafield>
      <datafield tag="040" ind1=" " ind2=" ">
         <subfield code="a">AGL</subfield>
         <subfield code="b">eng</subfield>
         <subfield code="c">AGL</subfield>
      </datafield>
      <datafield tag="100" ind1="1" ind2=" ">
         <subfield code="a">Meng, Ran</subfield>
         <subfield code="e">author</subfield>
         <subfield code="u">College of Resources and Environment, Huazhong Agricultural University,
        Wuhan 430070, China</subfield>
      </datafield>
      <datafield tag="245" ind1="1" ind2="0">
         <subfield code="a">Landsat-based monitoring of southern pine beetle infestation severity and
        severity change in a temperate mixed forest</subfield>
      </datafield>
      <datafield tag="520" ind1=" " ind2=" ">
         <subfield code="a">The recent northward expansion of Southern Pine Beetle (SPB) outbreaks
        associated with warming winters has caused extensive tree mortality in temperate pine
        forests, significantly affecting forest dynamics, structure, and functioning.
        Spatially-explicit early warning and detection of SPB-induced tree mortality is critical for
        timely and sustainable forest management practices. The unique contributions of remote
        sensing technologies to mapping the location, extent, and severity of beetle outbreaks, as
        well as assisting in analyzing the potential drivers for outbreak predictions, have been
        well recognized. However, little is known about the performance of moderate resolution
        satellite multispectral imagery for early warning and detection of SPB-induced tree
        mortality. Thus, we conducted this study, as the first attempt, to capture the
        spatial-temporal patterns of SPB infestation severity at the regional scale and to
        understand the underlying environmental drivers in a spatially-explicit manner. First, we
        explored the spectral signatures of SPB-killed trees based on 30-m plot measurements and
        Landsat-8 imagery. Then, to improve detection accuracy for areas with low-moderate SPB
        infestation severity, we added spectral-temporal anomaly information in the form of a linear
        trend of the spectral index trajectory to a previously developed approach. The best overall
        accuracy increased from 84.7% to 90.1% and the best Macro F1 value increased from 0.832 to
        0.900. Next, we compared the performances of spectral indices in mapping SPB infestation
        severity (i.e., % red stage within the 30-m grid cell). The results showed that the
        combination of Normalized Difference Moisture Index and Tasseled Cap Greenness had the best
        performance for mapping SPB infestation severity (2016: R² = 0.754; RSME = 15.7; 2017:
        R² = 0.787; RSME = 12.4). Finally, we found that climatic and landscape variables can
        explain the detected patterns of SPB infestation from 2014 to 2017 in our study area
        (R² = 0.751; RSME = 9.67), providing valuable insights on possible predictors for early
        warning of SPB infestation. Specifically, in our study area, winter dew point temperature
        was found to be one of the most important predictors, followed by SPB infestation locations
        in the previous year, canopy cover of host species, elevation, and slope. In the context of
        continued global warming, our study not only provides a novel framework for efficient,
        spatially-explicit, and quantitative measurements of forest damage induced by SPB
        infestation over large scales, but also uncovers opportunities to predict future SPB
        outbreaks and take precautions against it.</subfield>
      </datafield>
      <datafield tag="592" ind1=" " ind2=" ">
         <subfield code="a">Publisher supplied data</subfield>
      </datafield>
      <datafield tag="593" ind1=" " ind2=" ">
         <subfield code="a">PubAg article</subfield>
      </datafield>
      <datafield tag="650" ind1=" " ind2="3">
         <subfield code="a">Dendroctonus frontalis</subfield>
      </datafield>
      <datafield tag="650" ind1=" " ind2="3">
         <subfield code="a">Landsat</subfield>
      </datafield>
      <datafield tag="650" ind1=" " ind2="3">
         <subfield code="a">beetle infestations</subfield>
      </datafield>
      <datafield tag="650" ind1=" " ind2="3">
         <subfield code="a">canopy</subfield>
      </datafield>
      <datafield tag="650" ind1=" " ind2="3">
         <subfield code="a">dewpoint</subfield>
      </datafield>
      <datafield tag="650" ind1=" " ind2="3">
         <subfield code="a">environment</subfield>
      </datafield>
      <datafield tag="650" ind1=" " ind2="3">
         <subfield code="a">forest damage</subfield>
      </datafield>
      <datafield tag="650" ind1=" " ind2="3">
         <subfield code="a">forest dynamics</subfield>
      </datafield>
      <datafield tag="650" ind1=" " ind2="3">
         <subfield code="a">hosts</subfield>
      </datafield>
      <datafield tag="650" ind1=" " ind2="3">
         <subfield code="a">landscapes</subfield>
      </datafield>
      <datafield tag="650" ind1=" " ind2="3">
         <subfield code="a">mixed forests</subfield>
      </datafield>
      <datafield tag="650" ind1=" " ind2="3">
         <subfield code="a">multispectral imagery</subfield>
      </datafield>
      <datafield tag="650" ind1=" " ind2="3">
         <subfield code="a">sustainable forestry</subfield>
      </datafield>
      <datafield tag="650" ind1=" " ind2="3">
         <subfield code="a">tree mortality</subfield>
      </datafield>
      <datafield tag="653" ind1=" " ind2="0">
         <subfield code="a">Forest health</subfield>
      </datafield>
      <datafield tag="653" ind1=" " ind2="0">
         <subfield code="a">Plant diseases and pests</subfield>
      </datafield>
      <datafield tag="653" ind1=" " ind2="0">
         <subfield code="a">Multi-scale remote sensing</subfield>
      </datafield>
      <datafield tag="653" ind1=" " ind2="0">
         <subfield code="a">Forest management</subfield>
      </datafield>
      <datafield tag="653" ind1=" " ind2="0">
         <subfield code="a">Early warning</subfield>
      </datafield>
      <datafield tag="653" ind1=" " ind2="0">
         <subfield code="a">Climate-smart forestry</subfield>
      </datafield>
      <datafield tag="653" ind1=" " ind2="0">
         <subfield code="a">Outbreak prediction</subfield>
      </datafield>
      <datafield tag="653" ind1=" " ind2="0">
         <subfield code="a">Bark beetle</subfield>
      </datafield>
      <datafield tag="700" ind1="1" ind2=" ">
         <subfield code="a">Gao, Renjie</subfield>
         <subfield code="e">author</subfield>
         <subfield code="u">College of Resources and Environment, Huazhong Agricultural University,
        Wuhan 430070, China</subfield>
      </datafield>
      <datafield tag="700" ind1="1" ind2=" ">
         <subfield code="a">Zhao, Feng</subfield>
         <subfield code="e">author</subfield>
         <subfield code="u">College of Urban and Environmental Sciences, Central China Normal
        University, Wuhan 430079, China</subfield>
      </datafield>
      <datafield tag="700" ind1="1" ind2=" ">
         <subfield code="a">Huang, Chengquan</subfield>
         <subfield code="e">author</subfield>
         <subfield code="u">Department of Geographical Sciences, University of Maryland, College Park,
        MD 20742, USA</subfield>
      </datafield>
      <datafield tag="700" ind1="1" ind2=" ">
         <subfield code="a">Sun, Rui</subfield>
         <subfield code="e">author</subfield>
         <subfield code="u">College of Resources and Environment, Huazhong Agricultural University,
        Wuhan 430070, China</subfield>
      </datafield>
      <datafield tag="700" ind1="1" ind2=" ">
         <subfield code="a">Lv, Zhengang</subfield>
         <subfield code="e">author</subfield>
         <subfield code="u">College of Resources and Environment, Huazhong Agricultural University,
        Wuhan 430070, China</subfield>
      </datafield>
      <datafield tag="700" ind1="1" ind2=" ">
         <subfield code="a">Huang, Zehua</subfield>
         <subfield code="e">author</subfield>
         <subfield code="u">College of Resources and Environment, Huazhong Agricultural University,
        Wuhan 430070, China</subfield>
      </datafield>
      <datafield tag="773" ind1="0" ind2=" ">
         <subfield code="t">Remote sensing of environment.</subfield>
         <subfield code="g">2022 Feb., v. 269 p.112847-</subfield>
         <subfield code="d">Elsevier Inc.</subfield>
         <subfield code="w">Journal:11735</subfield>
         <subfield code="x">0034-4257</subfield>
         <subfield code="7">nnas</subfield>
      </datafield>
      <datafield tag="787" ind1="1" ind2=" ">
         <subfield code="o">islandora_article_repository</subfield>
      </datafield>
      <datafield tag="787" ind1="1" ind2=" ">
         <subfield code="o">product_pubag</subfield>
      </datafield>
      <datafield tag="787" ind1="1" ind2=" ">
         <subfield code="o">(Journal)11735</subfield>
      </datafield>
      <datafield tag="856" ind1="4" ind2="0">
         <subfield code="u">https://dx.doi.org/10.1016/j.rse.2021.112847</subfield>
         <subfield code="3">Available from publisher's site</subfield>
      </datafield>
      <datafield tag="912" ind1=" " ind2=" ">
         <subfield code="a">Article</subfield>
      </datafield>
      <datafield tag="914" ind1=" " ind2=" ">
         <subfield code="a">Journal:11735</subfield>
         <subfield code="b">0034-4257</subfield>
         <subfield code="e">112847</subfield>
      </datafield>
      <datafield tag="914" ind1=" " ind2=" ">
         <subfield code="f">Remote sensing of environment</subfield>
      </datafield>
      <datafield tag="916" ind1=" " ind2=" ">
         <subfield code="a">Batch:10217</subfield>
      </datafield>
      <datafield tag="917" ind1=" " ind2=" ">
         <subfield code="a">issued</subfield>
      </datafield>
      <datafield tag="918" ind1="2" ind2=" ">
         <subfield code="a">Elsevier Consyn</subfield>
         <subfield code="e">provider</subfield>
         <subfield code="5">DNAL</subfield>
      </datafield>
      <datafield tag="935" ind1=" " ind2=" ">
         <subfield code="a">IND607595392</subfield>
         <subfield code="9">ExL</subfield>
      </datafield>
      <datafield tag="949" ind1=" " ind2=" ">
         <subfield code="a">2022-02-23</subfield>
      </datafield>
      <datafield tag="952" ind1=" " ind2=" ">
         <subfield code="d">NAL-AP-2-clean</subfield>
      </datafield>
      <datafield tag="953" ind1=" " ind2=" ">
         <subfield code="a">/data/metadata/incoming/consyn/147571087649219971-00001-HEAD-ONLY-NEW
        CONSYN ISSNS.zip</subfield>
      </datafield>
      <datafield tag="954" ind1=" " ind2=" ">
         <subfield code="a">file:/data/metadata/staging/consyn/S0034425721005678.xml</subfield>
      </datafield>
      <datafield tag="955" ind1=" " ind2=" ">
         <subfield code="a">/data/metadata/staging/consyn/</subfield>
      </datafield>
      <datafield tag="974" ind1=" " ind2=" ">
         <subfield code="a">agid:7595392</subfield>
      </datafield>
      <datafield tag="983" ind1=" " ind2=" ">
         <subfield code="a">2022-02-05</subfield>
      </datafield>
      <datafield tag="984" ind1=" " ind2=" ">
         <subfield code="a">2022-02-21</subfield>
      </datafield>
   </record>