
   <!--Record: 116-->
   <record>
      <leader>03602nab a2200565 u 4500</leader>
      <controlfield tag="001">9915856149607426</controlfield>
      <controlfield tag="005">20221119084135.0</controlfield>
      <controlfield tag="008">920722e199112 xx |||||o|||||||||||eng||</controlfield>
      <datafield tag="016" ind1="7" ind2=" ">
         <subfield code="a">IND92043563</subfield>
         <subfield code="2">DNAL</subfield>
      </datafield>
      <datafield tag="035" ind1=" " ind2=" ">
         <subfield code="a">agid:1613466-01nal_inst</subfield>
      </datafield>
      <datafield tag="040" ind1=" " ind2=" ">
         <subfield code="a">AGL</subfield>
         <subfield code="b">eng</subfield>
         <subfield code="c">AGL</subfield>
      </datafield>
      <datafield tag="100" ind1="1" ind2=" ">
         <subfield code="a">Duncan, R.P.</subfield>
      </datafield>
      <datafield tag="245" ind1="1" ind2="0">
         <subfield code="a">Competition and the coexistence of species in a mixed podocarp
        stand</subfield>
      </datafield>
      <datafield tag="300" ind1=" " ind2=" ">
         <subfield code="a">p. 1073-1084.</subfield>
      </datafield>
      <datafield tag="500" ind1=" " ind2=" ">
         <subfield code="a">2019-12-04</subfield>
      </datafield>
      <datafield tag="520" ind1=" " ind2=" ">
         <subfield code="a">(1) The importance of intra- and interspecific competition in affecting the
        growth and survival of Dacrycarpus dacrydioides and Dacrydium cupressinum, the two dominant
        trees in a mixed podocarp stand in Ohinemaka Forest, south Westland, New Zealand, was
        investigated. Two lines of evidence (spatial patterning of trees and correlates of tree
        performance with neighbourhood density) were used to infer the importance of competition.
        (2) Intraspecific competition among D. dacrydioides trees appeared to be intense. Mean
        radial growth rate (MGR) was significantly negatively correlated with the number of
        conspecific neighbours, and patterns of non-random mortality resulted in a shift in spatial
        pattern from a significantly clumped to a significantly regular distribution. In contrast,
        intraspecific competition among D. cupressinum was less intense. D. cupressinum had a low
        rate of mortality, predominantly random spatial patterns of mortality, and a weak
        correlation between MGR and the number of conspecific neighbours. (3) Differences in the
        relative importance of intraspecific competition in affecting survival and growth of the two
        species was attributed to differences in the distribution and availability of suitable
        establishment sites. D. dacrydioides preferentially established on abundant level or
        slightly elevated sites, and in patches reached densities where resources were limiting. In
        contrast, the number and distribution of D. cupressinum were determined primarily by the
        availability of suitable elevated establishment sites that were scattered throughout the
        stand. The restricted number of suitable sites limited D. cupressinum to densities where
        resources were not severely limiting. (4) There was no evidence of interspecific
        competition. Rather the two species avoided interspecific competition by partitioning the
        variability in forest-floor micro-relief. Partitioning of sites may permit the coexistence
        of the two species.</subfield>
      </datafield>
      <datafield tag="650" ind1=" " ind2="3">
         <subfield code="a">spatial distribution</subfield>
      </datafield>
      <datafield tag="650" ind1=" " ind2="3">
         <subfield code="a">coniferous forests</subfield>
      </datafield>
      <datafield tag="650" ind1=" " ind2="3">
         <subfield code="a">Dacrydium cupressinum</subfield>
      </datafield>
      <datafield tag="650" ind1=" " ind2="3">
         <subfield code="a">stand density</subfield>
      </datafield>
      <datafield tag="650" ind1=" " ind2="3">
         <subfield code="a">interspecific competition</subfield>
      </datafield>
      <datafield tag="650" ind1=" " ind2="3">
         <subfield code="a">intraspecific competition</subfield>
      </datafield>
      <datafield tag="650" ind1=" " ind2="3">
         <subfield code="a">plant competition</subfield>
      </datafield>
      <datafield tag="650" ind1=" " ind2="3">
         <subfield code="a">altitude</subfield>
      </datafield>
      <datafield tag="650" ind1=" " ind2="3">
         <subfield code="a">habitats</subfield>
      </datafield>
      <datafield tag="650" ind1=" " ind2="3">
         <subfield code="a">mortality</subfield>
      </datafield>
      <datafield tag="650" ind1=" " ind2="3">
         <subfield code="a">forest ecology</subfield>
      </datafield>
      <datafield tag="651" ind1=" " ind2="3">
         <subfield code="a">New Zealand</subfield>
      </datafield>
      <datafield tag="653" ind1=" " ind2="0">
         <subfield code="a">site factors</subfield>
      </datafield>
      <datafield tag="653" ind1=" " ind2="0">
         <subfield code="a">plant communities</subfield>
      </datafield>
      <datafield tag="653" ind1=" " ind2="0">
         <subfield code="a">Podocarpaceae</subfield>
      </datafield>
      <datafield tag="653" ind1=" " ind2="0">
         <subfield code="a">growth rate</subfield>
      </datafield>
      <datafield tag="653" ind1=" " ind2="0">
         <subfield code="a">dacrycarpus dacrydioides</subfield>
      </datafield>
      <datafield tag="653" ind1=" " ind2="0">
         <subfield code="a">community ecology</subfield>
      </datafield>
      <datafield tag="773" ind1="0" ind2=" ">
         <subfield code="t">Journal of ecology.</subfield>
         <subfield code="g">1991 Dec., v. 79, no. 4 p.1073-1084</subfield>
         <subfield code="x">0022-0477</subfield>
         <subfield code="7">nnas</subfield>
      </datafield>
      <datafield tag="787" ind1="1" ind2=" ">
         <subfield code="o">islandora_article_repository</subfield>
      </datafield>
      <datafield tag="787" ind1="1" ind2=" ">
         <subfield code="o">(Journal)jnl44660</subfield>
      </datafield>
      <datafield tag="852" ind1=" " ind2=" ">
         <subfield code="a">DNAL</subfield>
      </datafield>
      <datafield tag="912" ind1=" " ind2=" ">
         <subfield code="a">Article</subfield>
      </datafield>
      <datafield tag="914" ind1=" " ind2=" ">
         <subfield code="a">Journal:jnl44660</subfield>
      </datafield>
      <datafield tag="914" ind1=" " ind2=" ">
         <subfield code="f">J Ecol</subfield>
      </datafield>
      <datafield tag="917" ind1=" " ind2=" ">
         <subfield code="a">issued</subfield>
      </datafield>
      <datafield tag="935" ind1=" " ind2=" ">
         <subfield code="a">IND92043563</subfield>
         <subfield code="9">ExL</subfield>
      </datafield>
      <datafield tag="939" ind1=" " ind2=" ">
         <subfield code="a">00000000</subfield>
         <subfield code="b">19931102</subfield>
         <subfield code="c">00000000</subfield>
      </datafield>
      <datafield tag="946" ind1=" " ind2=" ">
         <subfield code="a">Non-US</subfield>
      </datafield>
      <datafield tag="952" ind1=" " ind2=" ">
         <subfield code="a">00000000 19931102 00000000</subfield>
      </datafield>
      <datafield tag="974" ind1=" " ind2=" ">
         <subfield code="a">agid:1613466</subfield>
      </datafield>
      <datafield tag="984" ind1=" " ind2=" ">
         <subfield code="a">2014-12-25</subfield>
      </datafield>
      <datafield tag="985" ind1=" " ind2=" ">
         <subfield code="a">Converted from MARCXML to MODS version 3.4 using MARC21slim2MODS3-4.xsl
        (Revision 1.95 2014/04/23)</subfield>
      </datafield>
      <datafield tag="986" ind1=" " ind2=" ">
         <subfield code="a">2903116</subfield>
      </datafield>
   </record>