
   <!--Record: 117-->
   <record>
      <leader>04066nab a2200745 u 4500</leader>
      <controlfield tag="001">9915856287707426</controlfield>
      <controlfield tag="005">20221119084123.0</controlfield>
      <controlfield tag="008">180620e201804 xx |||||o|||||||||||eng||</controlfield>
      <datafield tag="016" ind1="7" ind2=" ">
         <subfield code="a">IND605968093</subfield>
         <subfield code="2">DNAL</subfield>
      </datafield>
      <datafield tag="024" ind1="7" ind2=" ">
         <subfield code="a">10.1636/JoA-S-16-033R3.1</subfield>
         <subfield code="2">doi</subfield>
      </datafield>
      <datafield tag="024" ind1="4" ind2=" ">
         <subfield code="a">arac-46-01-09</subfield>
      </datafield>
      <datafield tag="035" ind1=" " ind2=" ">
         <subfield code="a">agid:5968093-01nal_inst</subfield>
      </datafield>
      <datafield tag="040" ind1=" " ind2=" ">
         <subfield code="a">AGL</subfield>
         <subfield code="b">eng</subfield>
         <subfield code="c">AGL</subfield>
      </datafield>
      <datafield tag="100" ind1="1" ind2=" ">
         <subfield code="a">Lapinski, Witold</subfield>
         <subfield code="e">author</subfield>
         <subfield code="u">Institute of Evolutionary Ecology and Conservation Genomics, University of
        Ulm, Albert-Einstein-Allee 11, 89069 Ulm, Germany; E-mail: wito.l@gmx.de; </subfield>
      </datafield>
      <datafield tag="245" ind1="1" ind2="0">
         <subfield code="a">Vertical distribution of wandering spiders in Central America</subfield>
      </datafield>
      <datafield tag="300" ind1=" " ind2=" ">
         <subfield code="a">p. 13-20.</subfield>
      </datafield>
      <datafield tag="520" ind1=" " ind2=" ">
         <subfield code="a">We examined patterns of vertical distribution within an assemblage of seven
        species of large wandering spiders in a lowland rainforest on the Caribbean slope of Costa
        Rica. Over 16 months, 22 trees were surveyed regularly at night, up to a height of 43 m,
        using a rope climbing technique. Local climate and canopy microclimate exhibited only weak
        seasonal fluctuations. There was a distinct vertical segregation between ground-dwelling and
        arboreal species. The arboreal species used almost the entire available height range,
        whereby immature Cupiennius coccineus F.O.P.-Cambridge, 1901 occupied higher parts of the
        trees than adults. The two most abundant arboreal species differed also in their use of
        arboreal microhabitats: while Cu. coccineus occurred most frequently on trunk bark and on
        epiphyte leaves, the smaller Ctenus sp. 4 was more restricted to trunk bark. We detected
        effects of structural complexity of the host trees but no effects of canopy microclimate or
        of local climate on vertical distribution of Cu. coccineus, by far the most abundant
        arboreal species. The differences in vertical distribution both between age classes of Cu.
        coccineus, and between Cu. coccineus and the smaller Ctenus sp. 4 suggest size-dependent
        habitat segregation in arboreal species along the vertical axis, which might diminish
        cannibalism and/or intra-guild predation. Moreover, the wide range of vertical distribution
        of arboreal spiders suggests that they may connect the understory and canopy food
        webs.</subfield>
      </datafield>
      <datafield tag="592" ind1=" " ind2=" ">
         <subfield code="a">Publisher supplied data</subfield>
      </datafield>
      <datafield tag="593" ind1=" " ind2=" ">
         <subfield code="a">PubAg article</subfield>
      </datafield>
      <datafield tag="650" ind1=" " ind2="3">
         <subfield code="a">Cupiennius</subfield>
      </datafield>
      <datafield tag="650" ind1=" " ind2="3">
         <subfield code="a">adults</subfield>
      </datafield>
      <datafield tag="650" ind1=" " ind2="3">
         <subfield code="a">age structure</subfield>
      </datafield>
      <datafield tag="650" ind1=" " ind2="3">
         <subfield code="a">bark</subfield>
      </datafield>
      <datafield tag="650" ind1=" " ind2="3">
         <subfield code="a">cannibalism</subfield>
      </datafield>
      <datafield tag="650" ind1=" " ind2="3">
         <subfield code="a">canopy</subfield>
      </datafield>
      <datafield tag="650" ind1=" " ind2="3">
         <subfield code="a">copper</subfield>
      </datafield>
      <datafield tag="650" ind1=" " ind2="3">
         <subfield code="a">epiphytes</subfield>
      </datafield>
      <datafield tag="650" ind1=" " ind2="3">
         <subfield code="a">food webs</subfield>
      </datafield>
      <datafield tag="650" ind1=" " ind2="3">
         <subfield code="a">leaves</subfield>
      </datafield>
      <datafield tag="650" ind1=" " ind2="3">
         <subfield code="a">microclimate</subfield>
      </datafield>
      <datafield tag="650" ind1=" " ind2="3">
         <subfield code="a">microhabitats</subfield>
      </datafield>
      <datafield tag="650" ind1=" " ind2="3">
         <subfield code="a">predation</subfield>
      </datafield>
      <datafield tag="650" ind1=" " ind2="3">
         <subfield code="a">rain forests</subfield>
      </datafield>
      <datafield tag="650" ind1=" " ind2="3">
         <subfield code="a">seasonal variation</subfield>
      </datafield>
      <datafield tag="650" ind1=" " ind2="3">
         <subfield code="a">spatial distribution</subfield>
      </datafield>
      <datafield tag="650" ind1=" " ind2="3">
         <subfield code="a">trees</subfield>
      </datafield>
      <datafield tag="650" ind1=" " ind2="3">
         <subfield code="a">understory</subfield>
      </datafield>
      <datafield tag="651" ind1=" " ind2="3">
         <subfield code="a">Caribbean</subfield>
      </datafield>
      <datafield tag="651" ind1=" " ind2="3">
         <subfield code="a">Costa Rica</subfield>
      </datafield>
      <datafield tag="653" ind1=" " ind2="0">
         <subfield code="a">Canopy</subfield>
      </datafield>
      <datafield tag="653" ind1=" " ind2="0">
         <subfield code="a">Costa Rica</subfield>
      </datafield>
      <datafield tag="653" ind1=" " ind2="0">
         <subfield code="a">Ctenidae</subfield>
      </datafield>
      <datafield tag="653" ind1=" " ind2="0">
         <subfield code="a">epiphyte</subfield>
      </datafield>
      <datafield tag="653" ind1=" " ind2="0">
         <subfield code="a">tree</subfield>
      </datafield>
      <datafield tag="700" ind1="1" ind2=" ">
         <subfield code="a">Tschapka, Marco</subfield>
         <subfield code="e">author</subfield>
         <subfield code="u">Institute of Evolutionary Ecology and Conservation Genomics, University of
        Ulm, Albert-Einstein-Allee 11, 89069 Ulm, Germany; E-mail: wito.l@gmx.de; </subfield>
      </datafield>
      <datafield tag="773" ind1="0" ind2=" ">
         <subfield code="t">Journal of arachnology.</subfield>
         <subfield code="g">2018 Apr., v. 46, no. 1 p.13-20</subfield>
         <subfield code="d">American Arachnological Society</subfield>
         <subfield code="w">Journal:jnl7320</subfield>
         <subfield code="x">0161-8202</subfield>
         <subfield code="7">nnas</subfield>
      </datafield>
      <datafield tag="787" ind1="1" ind2=" ">
         <subfield code="o">islandora_article_repository</subfield>
      </datafield>
      <datafield tag="787" ind1="1" ind2=" ">
         <subfield code="o">product_pubag</subfield>
      </datafield>
      <datafield tag="787" ind1="1" ind2=" ">
         <subfield code="o">(Journal)jnl7320</subfield>
      </datafield>
      <datafield tag="856" ind1="4" ind2="0">
         <subfield code="u">http://dx.doi.org/10.1636/JoA-S-16-033R3.1</subfield>
         <subfield code="3">Available from publisher's site</subfield>
      </datafield>
      <datafield tag="912" ind1=" " ind2=" ">
         <subfield code="a">Article</subfield>
      </datafield>
      <datafield tag="914" ind1=" " ind2=" ">
         <subfield code="a">Journal:jnl7320</subfield>
         <subfield code="b">0161-8202</subfield>
         <subfield code="c">46</subfield>
         <subfield code="d">1</subfield>
         <subfield code="e">13</subfield>
      </datafield>
      <datafield tag="914" ind1=" " ind2=" ">
         <subfield code="f">Journal of arachnology</subfield>
      </datafield>
      <datafield tag="916" ind1=" " ind2=" ">
         <subfield code="a">Batch:2038</subfield>
      </datafield>
      <datafield tag="917" ind1=" " ind2=" ">
         <subfield code="a">issued</subfield>
      </datafield>
      <datafield tag="918" ind1="2" ind2=" ">
         <subfield code="a">BioOne</subfield>
         <subfield code="e">provider</subfield>
         <subfield code="5">DNAL</subfield>
      </datafield>
      <datafield tag="935" ind1=" " ind2=" ">
         <subfield code="a">IND605968093</subfield>
         <subfield code="9">ExL</subfield>
      </datafield>
      <datafield tag="949" ind1=" " ind2=" ">
         <subfield code="a">2018-08-23</subfield>
      </datafield>
      <datafield tag="953" ind1=" " ind2=" ">
         <subfield code="a">/data/metadata/incoming/bioone/ARACv46i1-04110936-945922.zip</subfield>
      </datafield>
      <datafield tag="954" ind1=" " ind2=" ">
         <subfield code="a">file:/data/metadata/staging/bioone/joa-s-16-033r3.1.xml</subfield>
      </datafield>
      <datafield tag="955" ind1=" " ind2=" ">
         <subfield code="a">/data/metadata/staging/bioone/</subfield>
      </datafield>
      <datafield tag="962" ind1=" " ind2=" ">
         <subfield code="a">Batch:2038 reviewed on 2018-08-23T16:00:04Z</subfield>
      </datafield>
      <datafield tag="974" ind1=" " ind2=" ">
         <subfield code="a">agid:5968093</subfield>
      </datafield>
      <datafield tag="983" ind1=" " ind2=" ">
         <subfield code="a">2018-06-20</subfield>
      </datafield>
      <datafield tag="984" ind1=" " ind2=" ">
         <subfield code="a">2018-08-23</subfield>
      </datafield>
   </record>