
   <!--Record: 118-->
   <record>
      <leader>05016nab a2200781 u 4500</leader>
      <controlfield tag="001">9915856693907426</controlfield>
      <controlfield tag="005">20221119085828.0</controlfield>
      <controlfield tag="008">180831e201810 xx |||||o|||||||||||eng||</controlfield>
      <datafield tag="016" ind1="7" ind2=" ">
         <subfield code="a">IND606113531</subfield>
         <subfield code="2">DNAL</subfield>
      </datafield>
      <datafield tag="024" ind1="7" ind2=" ">
         <subfield code="a">10.1111/nph.15274</subfield>
         <subfield code="2">doi</subfield>
      </datafield>
      <datafield tag="035" ind1=" " ind2=" ">
         <subfield code="a">agid:6113531-01nal_inst</subfield>
      </datafield>
      <datafield tag="040" ind1=" " ind2=" ">
         <subfield code="a">AGL</subfield>
         <subfield code="b">eng</subfield>
         <subfield code="c">AGL</subfield>
      </datafield>
      <datafield tag="100" ind1="1" ind2=" ">
         <subfield code="a">Schwantes, Amanda M.</subfield>
         <subfield code="e">author</subfield>
         <subfield code="u">Nicholas School of the Environment, Duke University, Box 90328, Durham, NC,
        27708, USA</subfield>
         <subfield code="1">https://orcid.org/0000-0002-7791-1078</subfield>
      </datafield>
      <datafield tag="245" ind1="1" ind2="0">
         <subfield code="a">Accounting for landscape heterogeneity improves spatial predictions of tree
        vulnerability to drought</subfield>
      </datafield>
      <datafield tag="300" ind1=" " ind2=" ">
         <subfield code="a">p. 132-146.</subfield>
      </datafield>
      <datafield tag="500" ind1=" " ind2=" ">
         <subfield code="a">JOURNAL ARTICLE</subfield>
      </datafield>
      <datafield tag="520" ind1=" " ind2=" ">
         <subfield code="a">As climate change continues, forest vulnerability to droughts and heatwaves
        is increasing, but vulnerability varies regionally and locally through landscape position.
        Also, most models used in forecasting forest responses to heat and drought do not
        incorporate relevant spatial processes. In order to improve spatial predictions of tree
        vulnerability, we employed a nonlinear stochastic model of soil moisture dynamics accounting
        for landscape differences in aspect, topography and soils. Across a watershed in central
        Texas we modeled dynamic water stress for a dominant tree species, Juniperus ashei, and
        projected future dynamic water stress through the 21ˢᵗ century. Modeled dynamic water stress
        tracked spatial patterns of remotely sensed drought‐induced canopy loss. Accuracy in
        predicting drought‐impacted stands increased from 60%, accounting for spatially variable
        soil conditions, to 72% when also including lateral redistribution of water and
        radiation/temperature effects attributable to aspect. Our analysis also suggests that
        dynamic water stress will increase through the 21ˢᵗ century, with trees persisting at only
        selected microsites. Favorable microsites/refugia may exist across a landscape where trees
        can persist; however, if future droughts are too severe, the buffering capacity of an
        heterogeneous landscape could be overwhelmed. Incorporating spatial data will improve
        projections of future tree water stress and identification of potential resilient
        refugia.</subfield>
      </datafield>
      <datafield tag="592" ind1=" " ind2=" ">
         <subfield code="a">Publisher supplied data</subfield>
      </datafield>
      <datafield tag="593" ind1=" " ind2=" ">
         <subfield code="a">PubAg article</subfield>
      </datafield>
      <datafield tag="650" ind1=" " ind2="3">
         <subfield code="a">Juniperus ashei</subfield>
      </datafield>
      <datafield tag="650" ind1=" " ind2="3">
         <subfield code="a">buffering capacity</subfield>
      </datafield>
      <datafield tag="650" ind1=" " ind2="3">
         <subfield code="a">canopy</subfield>
      </datafield>
      <datafield tag="650" ind1=" " ind2="3">
         <subfield code="a">climate change</subfield>
      </datafield>
      <datafield tag="650" ind1=" " ind2="3">
         <subfield code="a">drought</subfield>
      </datafield>
      <datafield tag="650" ind1=" " ind2="3">
         <subfield code="a">forests</subfield>
      </datafield>
      <datafield tag="650" ind1=" " ind2="3">
         <subfield code="a">heat</subfield>
      </datafield>
      <datafield tag="650" ind1=" " ind2="3">
         <subfield code="a">landscape position</subfield>
      </datafield>
      <datafield tag="650" ind1=" " ind2="3">
         <subfield code="a">landscapes</subfield>
      </datafield>
      <datafield tag="650" ind1=" " ind2="3">
         <subfield code="a">models</subfield>
      </datafield>
      <datafield tag="650" ind1=" " ind2="3">
         <subfield code="a">prediction</subfield>
      </datafield>
      <datafield tag="650" ind1=" " ind2="3">
         <subfield code="a">refuge habitats</subfield>
      </datafield>
      <datafield tag="650" ind1=" " ind2="3">
         <subfield code="a">remote sensing</subfield>
      </datafield>
      <datafield tag="650" ind1=" " ind2="3">
         <subfield code="a">soil quality</subfield>
      </datafield>
      <datafield tag="650" ind1=" " ind2="3">
         <subfield code="a">soil water</subfield>
      </datafield>
      <datafield tag="650" ind1=" " ind2="3">
         <subfield code="a">spatial data</subfield>
      </datafield>
      <datafield tag="650" ind1=" " ind2="3">
         <subfield code="a">stochastic processes</subfield>
      </datafield>
      <datafield tag="650" ind1=" " ind2="3">
         <subfield code="a">temperature</subfield>
      </datafield>
      <datafield tag="650" ind1=" " ind2="3">
         <subfield code="a">trees</subfield>
      </datafield>
      <datafield tag="650" ind1=" " ind2="3">
         <subfield code="a">water stress</subfield>
      </datafield>
      <datafield tag="650" ind1=" " ind2="3">
         <subfield code="a">watersheds</subfield>
      </datafield>
      <datafield tag="651" ind1=" " ind2="3">
         <subfield code="a">Texas</subfield>
      </datafield>
      <datafield tag="700" ind1="1" ind2=" ">
         <subfield code="a">Parolari, Anthony J.</subfield>
         <subfield code="e">author</subfield>
         <subfield code="u">Department of Civil and Environmental Engineering, Duke University,
        Box 90287, Durham, NC, 27708, USA</subfield>
         <subfield code="1">https://orcid.org/0000-0002-1046-6790</subfield>
      </datafield>
      <datafield tag="700" ind1="1" ind2=" ">
         <subfield code="a">Swenson, Jennifer J.</subfield>
         <subfield code="e">author</subfield>
         <subfield code="u">Nicholas School of the Environment, Duke University, Box 90328, Durham, NC,
        27708, USA</subfield>
      </datafield>
      <datafield tag="700" ind1="1" ind2=" ">
         <subfield code="a">Johnson, Daniel M.</subfield>
         <subfield code="e">author</subfield>
         <subfield code="u">Nicholas School of the Environment, Duke University, Box 90328, Durham, NC,
        27708, USA</subfield>
         <subfield code="1">https://orcid.org/0000-0003-1015-9560</subfield>
      </datafield>
      <datafield tag="700" ind1="1" ind2=" ">
         <subfield code="a">Domec, Jean‐Christophe</subfield>
         <subfield code="e">author</subfield>
         <subfield code="u">Nicholas School of the Environment, Duke University, Box 90328, Durham, NC,
        27708, USA</subfield>
         <subfield code="1">https://orcid.org/0000-0003-0478-2559</subfield>
      </datafield>
      <datafield tag="700" ind1="1" ind2=" ">
         <subfield code="a">Jackson, Robert B.</subfield>
         <subfield code="e">author</subfield>
         <subfield code="u">Nicholas School of the Environment, Duke University, Box 90328, Durham, NC,
        27708, USA</subfield>
         <subfield code="1">https://orcid.org/0000-0001-8846-7147</subfield>
      </datafield>
      <datafield tag="700" ind1="1" ind2=" ">
         <subfield code="a">Pelak, Norman</subfield>
         <subfield code="e">author</subfield>
         <subfield code="u">Department of Civil and Environmental Engineering, Duke University,
        Box 90287, Durham, NC, 27708, USA</subfield>
      </datafield>
      <datafield tag="700" ind1="1" ind2=" ">
         <subfield code="a">Porporato, Amilcare</subfield>
         <subfield code="e">author</subfield>
         <subfield code="u">Department of Civil and Environmental Engineering, Duke University,
        Box 90287, Durham, NC, 27708, USA</subfield>
         <subfield code="1">https://orcid.org/0000-0001-9378-207X</subfield>
      </datafield>
      <datafield tag="773" ind1="0" ind2=" ">
         <subfield code="t">new phytologist.</subfield>
         <subfield code="g">2018 Oct., v. 220, no. 1 p.132-146</subfield>
         <subfield code="d">John Wiley &amp; Sons, Ltd</subfield>
         <subfield code="w">Journal:jnl44665</subfield>
         <subfield code="x">0028-646X</subfield>
         <subfield code="7">nnas</subfield>
      </datafield>
      <datafield tag="787" ind1="1" ind2=" ">
         <subfield code="o">islandora_article_repository</subfield>
      </datafield>
      <datafield tag="787" ind1="1" ind2=" ">
         <subfield code="o">product_pubag</subfield>
      </datafield>
      <datafield tag="787" ind1="1" ind2=" ">
         <subfield code="o">(Journal)jnl44665</subfield>
      </datafield>
      <datafield tag="856" ind1="4" ind2="0">
         <subfield code="u">http://dx.doi.org/10.1111/nph.15274</subfield>
         <subfield code="3">Available from publisher's site</subfield>
      </datafield>
      <datafield tag="912" ind1=" " ind2=" ">
         <subfield code="a">Article</subfield>
      </datafield>
      <datafield tag="914" ind1=" " ind2=" ">
         <subfield code="a">Journal:jnl44665</subfield>
         <subfield code="b">0028-646X</subfield>
         <subfield code="c">220</subfield>
         <subfield code="d">1</subfield>
         <subfield code="e">132</subfield>
      </datafield>
      <datafield tag="914" ind1=" " ind2=" ">
         <subfield code="f">new phytologist</subfield>
      </datafield>
      <datafield tag="916" ind1=" " ind2=" ">
         <subfield code="a">Batch:2090</subfield>
      </datafield>
      <datafield tag="917" ind1=" " ind2=" ">
         <subfield code="a">issued</subfield>
      </datafield>
      <datafield tag="918" ind1="2" ind2=" ">
         <subfield code="a">John Wiley &amp; Sons, Inc</subfield>
         <subfield code="e">provider</subfield>
         <subfield code="5">DNAL</subfield>
      </datafield>
      <datafield tag="935" ind1=" " ind2=" ">
         <subfield code="a">IND606113531</subfield>
         <subfield code="9">ExL</subfield>
      </datafield>
      <datafield tag="949" ind1=" " ind2=" ">
         <subfield code="a">2018-11-21</subfield>
      </datafield>
      <datafield tag="953" ind1=" " ind2=" ">
         <subfield code="a">/data/metadata/incoming/wiley/0028646X_2018_220_1.xml</subfield>
      </datafield>
      <datafield tag="954" ind1=" " ind2=" ">
         <subfield code="a">file:/data/metadata/staging/wiley/0028646X_2018_220_1.xml</subfield>
      </datafield>
      <datafield tag="955" ind1=" " ind2=" ">
         <subfield code="a">/data/metadata/staging/wiley/</subfield>
      </datafield>
      <datafield tag="962" ind1=" " ind2=" ">
         <subfield code="a">Batch:2090 reviewed on 2018-11-21T12:00:04Z</subfield>
      </datafield>
      <datafield tag="974" ind1=" " ind2=" ">
         <subfield code="a">agid:6113531</subfield>
      </datafield>
      <datafield tag="983" ind1=" " ind2=" ">
         <subfield code="a">2018-08-31</subfield>
      </datafield>
      <datafield tag="984" ind1=" " ind2=" ">
         <subfield code="a">2018-11-21</subfield>
      </datafield>
   </record>