
   <!--Record: 119-->
   <record>
      <leader>03495nab a2200601 u 4500</leader>
      <controlfield tag="001">9915856710407426</controlfield>
      <controlfield tag="005">20221119085750.0</controlfield>
      <controlfield tag="008">180831e201810 xx |||||o|||||||||||eng||</controlfield>
      <datafield tag="016" ind1="7" ind2=" ">
         <subfield code="a">IND606113526</subfield>
         <subfield code="2">DNAL</subfield>
      </datafield>
      <datafield tag="024" ind1="7" ind2=" ">
         <subfield code="a">10.1111/nph.15270</subfield>
         <subfield code="2">doi</subfield>
      </datafield>
      <datafield tag="035" ind1=" " ind2=" ">
         <subfield code="a">agid:6113526-01nal_inst</subfield>
      </datafield>
      <datafield tag="040" ind1=" " ind2=" ">
         <subfield code="a">AGL</subfield>
         <subfield code="b">eng</subfield>
         <subfield code="c">AGL</subfield>
      </datafield>
      <datafield tag="100" ind1="1" ind2=" ">
         <subfield code="a">Gougherty, Andrew V.</subfield>
         <subfield code="e">author</subfield>
         <subfield code="u">Appalachian Lab, University of Maryland Center for Environmental Science,
        Frostburg, MD, 21532, USA</subfield>
         <subfield code="1">https://orcid.org/0000-0002-3905-8539</subfield>
      </datafield>
      <datafield tag="245" ind1="1" ind2="0">
         <subfield code="a">Sequence of flower and leaf emergence in deciduous trees is linked to
        ecological traits, phylogenetics, and climate</subfield>
      </datafield>
      <datafield tag="300" ind1=" " ind2=" ">
         <subfield code="a">p. 121-131.</subfield>
      </datafield>
      <datafield tag="500" ind1=" " ind2=" ">
         <subfield code="a">JOURNAL ARTICLE</subfield>
      </datafield>
      <datafield tag="520" ind1=" " ind2=" ">
         <subfield code="a">While much research has focused on the timing of individual plant
        phenological events, the sequence of phenological events has received considerably less
        attention. Here we identify drivers and patterns of flower and leaf emergence sequence (FLS)
        in deciduous tree species of the Great Lakes region of North America. Five hypotheses
        related to cold tolerance, water dynamics, seed mass, pollination syndrome, and xylem
        anatomy type were compared for their ability to explain FLS. Phylogenetic and geographic
        patterns of FLS were also assessed. We identified additional traits associated with FLS
        using Random Forest models. Of the hypotheses assessed, those related to species’ water
        dynamics and seed mass had the greatest support. The spatial pattern of FLS was found to be
        strongly related to minimum monthly temperature and the phylogenetic pattern was clustered
        among species. Based on results from Random Forest models, species’ fruiting characteristics
        were found to be the most important variables in explaining FLS. Our results show that FLS
        is related to a suite of plant traits and environmental tolerances. We emphasize the need to
        expand phenological research to include both the timing and sequence of plant's entire
        phenology, in particular in relation to plant physiology and global change.</subfield>
      </datafield>
      <datafield tag="592" ind1=" " ind2=" ">
         <subfield code="a">Publisher supplied data</subfield>
      </datafield>
      <datafield tag="593" ind1=" " ind2=" ">
         <subfield code="a">PubAg article</subfield>
      </datafield>
      <datafield tag="650" ind1=" " ind2="3">
         <subfield code="a">climate</subfield>
      </datafield>
      <datafield tag="650" ind1=" " ind2="3">
         <subfield code="a">flowers</subfield>
      </datafield>
      <datafield tag="650" ind1=" " ind2="3">
         <subfield code="a">fruiting</subfield>
      </datafield>
      <datafield tag="650" ind1=" " ind2="3">
         <subfield code="a">global change</subfield>
      </datafield>
      <datafield tag="650" ind1=" " ind2="3">
         <subfield code="a">leaf emergence</subfield>
      </datafield>
      <datafield tag="650" ind1=" " ind2="3">
         <subfield code="a">phenology</subfield>
      </datafield>
      <datafield tag="650" ind1=" " ind2="3">
         <subfield code="a">phylogeny</subfield>
      </datafield>
      <datafield tag="650" ind1=" " ind2="3">
         <subfield code="a">pollination</subfield>
      </datafield>
      <datafield tag="650" ind1=" " ind2="3">
         <subfield code="a">seed weight</subfield>
      </datafield>
      <datafield tag="650" ind1=" " ind2="3">
         <subfield code="a">temperature</subfield>
      </datafield>
      <datafield tag="650" ind1=" " ind2="3">
         <subfield code="a">xylem</subfield>
      </datafield>
      <datafield tag="651" ind1=" " ind2="3">
         <subfield code="a">Great Lakes region</subfield>
      </datafield>
      <datafield tag="651" ind1=" " ind2="3">
         <subfield code="a">North America</subfield>
      </datafield>
      <datafield tag="700" ind1="1" ind2=" ">
         <subfield code="a">Gougherty, Steven W.</subfield>
         <subfield code="e">author</subfield>
         <subfield code="u">W. K. Kellogg Biological Station, Michigan State University, Hickory
        Corners, MI, 49060, USA</subfield>
      </datafield>
      <datafield tag="773" ind1="0" ind2=" ">
         <subfield code="t">new phytologist.</subfield>
         <subfield code="g">2018 Oct., v. 220, no. 1 p.121-131</subfield>
         <subfield code="d">John Wiley &amp; Sons, Ltd</subfield>
         <subfield code="w">Journal:jnl44665</subfield>
         <subfield code="x">0028-646X</subfield>
         <subfield code="7">nnas</subfield>
      </datafield>
      <datafield tag="787" ind1="1" ind2=" ">
         <subfield code="o">islandora_article_repository</subfield>
      </datafield>
      <datafield tag="787" ind1="1" ind2=" ">
         <subfield code="o">product_pubag</subfield>
      </datafield>
      <datafield tag="787" ind1="1" ind2=" ">
         <subfield code="o">(Journal)jnl44665</subfield>
      </datafield>
      <datafield tag="856" ind1="4" ind2="0">
         <subfield code="u">http://dx.doi.org/10.1111/nph.15270</subfield>
         <subfield code="3">Available from publisher's site</subfield>
      </datafield>
      <datafield tag="912" ind1=" " ind2=" ">
         <subfield code="a">Article</subfield>
      </datafield>
      <datafield tag="914" ind1=" " ind2=" ">
         <subfield code="a">Journal:jnl44665</subfield>
         <subfield code="b">0028-646X</subfield>
         <subfield code="c">220</subfield>
         <subfield code="d">1</subfield>
         <subfield code="e">121</subfield>
      </datafield>
      <datafield tag="914" ind1=" " ind2=" ">
         <subfield code="f">new phytologist</subfield>
      </datafield>
      <datafield tag="916" ind1=" " ind2=" ">
         <subfield code="a">Batch:2090</subfield>
      </datafield>
      <datafield tag="917" ind1=" " ind2=" ">
         <subfield code="a">issued</subfield>
      </datafield>
      <datafield tag="918" ind1="2" ind2=" ">
         <subfield code="a">John Wiley &amp; Sons, Inc</subfield>
         <subfield code="e">provider</subfield>
         <subfield code="5">DNAL</subfield>
      </datafield>
      <datafield tag="935" ind1=" " ind2=" ">
         <subfield code="a">IND606113526</subfield>
         <subfield code="9">ExL</subfield>
      </datafield>
      <datafield tag="949" ind1=" " ind2=" ">
         <subfield code="a">2018-11-21</subfield>
      </datafield>
      <datafield tag="953" ind1=" " ind2=" ">
         <subfield code="a">/data/metadata/incoming/wiley/0028646X_2018_220_1.xml</subfield>
      </datafield>
      <datafield tag="954" ind1=" " ind2=" ">
         <subfield code="a">file:/data/metadata/staging/wiley/0028646X_2018_220_1.xml</subfield>
      </datafield>
      <datafield tag="955" ind1=" " ind2=" ">
         <subfield code="a">/data/metadata/staging/wiley/</subfield>
      </datafield>
      <datafield tag="962" ind1=" " ind2=" ">
         <subfield code="a">Batch:2090 reviewed on 2018-11-21T12:00:04Z</subfield>
      </datafield>
      <datafield tag="974" ind1=" " ind2=" ">
         <subfield code="a">agid:6113526</subfield>
      </datafield>
      <datafield tag="983" ind1=" " ind2=" ">
         <subfield code="a">2018-08-31</subfield>
      </datafield>
      <datafield tag="984" ind1=" " ind2=" ">
         <subfield code="a">2018-11-21</subfield>
      </datafield>
   </record>