
   <!--Record: 120-->
   <record>
      <leader>05805nab a2200781 u 4500</leader>
      <controlfield tag="001">9915857080707426</controlfield>
      <controlfield tag="005">20221119091516.0</controlfield>
      <controlfield tag="008">150316e20120713xx |||||o|||||||||||eng||</controlfield>
      <datafield tag="016" ind1="7" ind2=" ">
         <subfield code="a">IND500894104</subfield>
         <subfield code="2">DNAL</subfield>
      </datafield>
      <datafield tag="024" ind1="7" ind2=" ">
         <subfield code="a">283145</subfield>
         <subfield code="2">aris</subfield>
      </datafield>
      <datafield tag="024" ind1="7" ind2=" ">
         <subfield code="a">10113/58750</subfield>
         <subfield code="2">hdl</subfield>
      </datafield>
      <datafield tag="024" ind1="7" ind2=" ">
         <subfield code="a">10.1371/journal.pone.0040699</subfield>
         <subfield code="2">doi</subfield>
      </datafield>
      <datafield tag="024" ind1="7" ind2=" ">
         <subfield code="a">PMC3396589</subfield>
         <subfield code="2">pmcid</subfield>
      </datafield>
      <datafield tag="024" ind1="7" ind2=" ">
         <subfield code="a">22808236</subfield>
         <subfield code="2">pmid</subfield>
      </datafield>
      <datafield tag="024" ind1="8" ind2=" ">
         <subfield code="a">ns4449</subfield>
      </datafield>
      <datafield tag="035" ind1=" " ind2=" ">
         <subfield code="a">agid:58750-01nal_inst</subfield>
      </datafield>
      <datafield tag="040" ind1=" " ind2=" ">
         <subfield code="a">AGL</subfield>
         <subfield code="b">eng</subfield>
         <subfield code="c">AGL</subfield>
      </datafield>
      <datafield tag="100" ind1="1" ind2=" ">
         <subfield code="a">Barthe, Stéphanie</subfield>
         <subfield code="e">author</subfield>
         <subfield code="u">Unité Mixte de Recherche “Ecologie des forêts de Guyane”, University of
        French West Indies and French Guiana, Kourou, French Guiana</subfield>
      </datafield>
      <datafield tag="245" ind1="1" ind2="0">
         <subfield code="a">Always Look on Both Sides: Phylogenetic Information Conveyed by Simple
        Sequence Repeat Allele Sequences</subfield>
      </datafield>
      <datafield tag="246" ind1="3" ind2=" ">
         <subfield code="a">Phylogenetic Information in SSR Alleles</subfield>
      </datafield>
      <datafield tag="506" ind1=" " ind2=" ">
         <subfield code="a">Resource is Open Access</subfield>
         <subfield code="u">http://purl.org/eprint/accessRights/OpenAccess</subfield>
         <subfield code="f">Unrestricted online access</subfield>
         <subfield code="2">star</subfield>
      </datafield>
      <datafield tag="520" ind1=" " ind2=" ">
         <subfield code="a">Simple sequence repeat (SSR) markers are widely used tools for inferences
        about genetic diversity, phylogeography and spatial genetic structure. Their applications
        assume that variation among alleles is essentially caused by an expansion or contraction of
        the number of repeats and that, accessorily, mutations in the target sequences follow the
        stepwise mutation model (SMM). Generally speaking, PCR amplicon sizes are used as direct
        indicators of the number of SSR repeats composing an allele with the data analysis either
        ignoring the extent of allele size differences or assuming that there is a direct
        correlation between differences in amplicon size and evolutionary distance. However, without
        precisely knowing the kind and distribution of polymorphism within an allele (SSR and the
        associated flanking region (FR) sequences), it is hard to say what kind of evolutionary
        message is conveyed by such a synthetic descriptor of polymorphism as DNA amplicon size. In
        this study, we sequenced several SSR alleles in multiple populations of three divergent tree
        genera and disentangled the types of polymorphisms contained in each portion of the DNA
        amplicon containing an SSR. The patterns of diversity provided by amplicon size variation,
        SSR variation itself, insertions/deletions (indels), and single nucleotide polymorphisms
        (SNPs) observed in the FRs were compared. Amplicon size variation largely reflected SSR
        repeat number. The amount of variation was as large in FRs as in the SSR itself. The former
        contributed significantly to the phylogenetic information and sometimes was the main source
        of differentiation among individuals and populations contained by FR and SSR regions of SSR
        markers. The presence of mutations occurring at different rates within a marker’s sequence
        offers the opportunity to analyse evolutionary events occurring on various timescales, but
        at the same time calls for caution in the interpretation of SSR marker data when the
        distribution of within-locus polymorphism is not known.</subfield>
      </datafield>
      <datafield tag="592" ind1=" " ind2=" ">
         <subfield code="a">Publisher supplied data</subfield>
      </datafield>
      <datafield tag="593" ind1=" " ind2=" ">
         <subfield code="a">PubAg article</subfield>
      </datafield>
      <datafield tag="593" ind1=" " ind2=" ">
         <subfield code="c">USDA submission</subfield>
      </datafield>
      <datafield tag="650" ind1=" " ind2="3">
         <subfield code="a">DNA</subfield>
      </datafield>
      <datafield tag="650" ind1=" " ind2="3">
         <subfield code="a">alleles</subfield>
      </datafield>
      <datafield tag="650" ind1=" " ind2="3">
         <subfield code="a">genetic markers</subfield>
      </datafield>
      <datafield tag="650" ind1=" " ind2="3">
         <subfield code="a">genetic variation</subfield>
      </datafield>
      <datafield tag="650" ind1=" " ind2="3">
         <subfield code="a">loci</subfield>
      </datafield>
      <datafield tag="650" ind1=" " ind2="3">
         <subfield code="a">microsatellite repeats</subfield>
      </datafield>
      <datafield tag="650" ind1=" " ind2="3">
         <subfield code="a">models</subfield>
      </datafield>
      <datafield tag="650" ind1=" " ind2="3">
         <subfield code="a">phylogeny</subfield>
      </datafield>
      <datafield tag="650" ind1=" " ind2="3">
         <subfield code="a">polymerase chain reaction</subfield>
      </datafield>
      <datafield tag="650" ind1=" " ind2="3">
         <subfield code="a">single nucleotide polymorphism</subfield>
      </datafield>
      <datafield tag="650" ind1=" " ind2="3">
         <subfield code="a">trees</subfield>
      </datafield>
      <datafield tag="700" ind1="1" ind2=" ">
         <subfield code="a">Gugerli, Felix</subfield>
         <subfield code="e">author</subfield>
         <subfield code="u">Biodiversity and Conservation Biology Research Unit, Swiss Federal Research
        Institute for Forest, Snow and Landscape Research, Birmensdorf, Switzerland</subfield>
      </datafield>
      <datafield tag="700" ind1="1" ind2=" ">
         <subfield code="a">Barkley, Noelle A.</subfield>
         <subfield code="e">author</subfield>
         <subfield code="u">Plant Genetic Resources Conservation Unit, United States Department of
        Agriculture – Agricultural Research Service, Griffin, Georgia, United States of
        America</subfield>
      </datafield>
      <datafield tag="700" ind1="1" ind2=" ">
         <subfield code="a">Maggia, Laurent</subfield>
         <subfield code="e">author</subfield>
         <subfield code="u">Unité Mixte de Recherche “Amélioration génétique et adaptation des plantes
        méditerranéennes et tropicales”, Institut Agronomique néo-Calédonien, Nouméa, New
        Caledonia</subfield>
      </datafield>
      <datafield tag="700" ind1="1" ind2=" ">
         <subfield code="a">Cardi, Céline</subfield>
         <subfield code="e">author</subfield>
         <subfield code="u">Unité Mixte de Recherche “Amélioration génétique et adaptation des plantes
        méditerranéennes et tropicales”, Centre de coopération internationale en recherche
        agronomique pour le développement, Montpellier, France</subfield>
      </datafield>
      <datafield tag="700" ind1="1" ind2=" ">
         <subfield code="a">Scotti, Ivan</subfield>
         <subfield code="e">author</subfield>
         <subfield code="u">Unité Mixte de Recherche Ecologie des forêts de Guyane, Institut National
        de la Recherche Agronomique, Kourou, French Guiana</subfield>
      </datafield>
      <datafield tag="700" ind1="1" ind2=" ">
         <subfield code="a">Shiu, Shin-Han</subfield>
         <subfield code="e">Editor</subfield>
         <subfield code="u">Michigan State University, United States of America</subfield>
      </datafield>
      <datafield tag="773" ind1="0" ind2=" ">
         <subfield code="t">PloS one.</subfield>
         <subfield code="g">, v. 7, no. 7</subfield>
         <subfield code="d">Public Library of Science</subfield>
         <subfield code="x">1932-6203</subfield>
         <subfield code="7">nnas</subfield>
      </datafield>
      <datafield tag="787" ind1="1" ind2=" ">
         <subfield code="o">islandora_article_repository</subfield>
      </datafield>
      <datafield tag="787" ind1="1" ind2=" ">
         <subfield code="o">product_pubag</subfield>
      </datafield>
      <datafield tag="787" ind1="1" ind2=" ">
         <subfield code="o">islandora_pubag_with_text</subfield>
      </datafield>
      <datafield tag="787" ind1="1" ind2=" ">
         <subfield code="o">(Journal)jnl4277198</subfield>
      </datafield>
      <datafield tag="856" ind1="4" ind2="0">
         <subfield code="u">https://handle.nal.usda.gov/10113/58750</subfield>
         <subfield code="3">Available in the National Agricultural Library PubAg search
        system</subfield>
      </datafield>
      <datafield tag="856" ind1="4" ind2="0">
         <subfield code="u">http://dx.doi.org/10.1371/journal.pone.0040699</subfield>
         <subfield code="3">Available from publisher's site</subfield>
      </datafield>
      <datafield tag="912" ind1=" " ind2=" ">
         <subfield code="a">Article</subfield>
      </datafield>
      <datafield tag="914" ind1=" " ind2=" ">
         <subfield code="a">Journal:jnl4277198</subfield>
         <subfield code="b">1932-6203</subfield>
         <subfield code="c">7</subfield>
         <subfield code="d">7</subfield>
         <subfield code="e">1</subfield>
      </datafield>
      <datafield tag="914" ind1=" " ind2=" ">
         <subfield code="f">PloS one</subfield>
      </datafield>
      <datafield tag="917" ind1=" " ind2=" ">
         <subfield code="a">issued</subfield>
      </datafield>
      <datafield tag="918" ind1="2" ind2=" ">
         <subfield code="a">Public Library of Science</subfield>
         <subfield code="e">provider</subfield>
         <subfield code="5">DNAL</subfield>
      </datafield>
      <datafield tag="935" ind1=" " ind2=" ">
         <subfield code="a">IND500894104</subfield>
         <subfield code="9">ExL</subfield>
      </datafield>
      <datafield tag="949" ind1=" " ind2=" ">
         <subfield code="a">2020-03-06</subfield>
      </datafield>
      <datafield tag="953" ind1=" " ind2=" ">
         <subfield code="a">PLOS_XML.zip</subfield>
      </datafield>
      <datafield tag="956" ind1=" " ind2=" ">
         <subfield code="a">ARIS submission</subfield>
         <subfield code="b">http://submit-u.nal.usda.gov/system/files/submissions/283145.pdf</subfield>
      </datafield>
      <datafield tag="961" ind1=" " ind2=" ">
         <subfield code="a">USDA/ARS</subfield>
      </datafield>
      <datafield tag="962" ind1=" " ind2=" ">
         <subfield code="a">Includes JATS article full-text content.</subfield>
      </datafield>
      <datafield tag="962" ind1=" " ind2=" ">
         <subfield code="a">USDA Scientist Submission</subfield>
      </datafield>
      <datafield tag="962" ind1=" " ind2=" ">
         <subfield code="a">Batch:547 annotated on 2014-05-13T13:20:37Z</subfield>
      </datafield>
      <datafield tag="962" ind1=" " ind2=" ">
         <subfield code="a">Batch:547 reviewed on 2014-05-29T16:00:02Z</subfield>
      </datafield>
      <datafield tag="962" ind1=" " ind2=" ">
         <subfield code="a">Batch:547 reviewed on 2014-05-30T04:00:02Z</subfield>
      </datafield>
      <datafield tag="974" ind1=" " ind2=" ">
         <subfield code="a">agid:58750</subfield>
      </datafield>
      <datafield tag="983" ind1=" " ind2=" ">
         <subfield code="a">2015-03-16</subfield>
      </datafield>
      <datafield tag="984" ind1=" " ind2=" ">
         <subfield code="a">2020-03-06</subfield>
      </datafield>
      <datafield tag="986" ind1=" " ind2=" ">
         <subfield code="a">ns4449</subfield>
      </datafield>
   </record>