
   <!--Record: 121-->
   <record>
      <leader>04790nab a2200841 u 4500</leader>
      <controlfield tag="001">9915857556107426</controlfield>
      <controlfield tag="005">20221119093320.0</controlfield>
      <controlfield tag="008">101015e201010 xx |||||o|||||||||||eng||</controlfield>
      <datafield tag="016" ind1="7" ind2=" ">
         <subfield code="a">IND44435920</subfield>
         <subfield code="2">DNAL</subfield>
      </datafield>
      <datafield tag="024" ind1="7" ind2=" ">
         <subfield code="a">20952630</subfield>
         <subfield code="2">pmid</subfield>
      </datafield>
      <datafield tag="024" ind1="7" ind2=" ">
         <subfield code="a">PMC2955752</subfield>
         <subfield code="2">pmcid</subfield>
      </datafield>
      <datafield tag="024" ind1="7" ind2=" ">
         <subfield code="a">10.1093/jxb/erq246</subfield>
         <subfield code="2">doi</subfield>
      </datafield>
      <datafield tag="035" ind1=" " ind2=" ">
         <subfield code="a">agid:509796-01nal_inst</subfield>
      </datafield>
      <datafield tag="040" ind1=" " ind2=" ">
         <subfield code="a">AGL</subfield>
         <subfield code="b">eng</subfield>
         <subfield code="c">AGL</subfield>
      </datafield>
      <datafield tag="100" ind1="1" ind2=" ">
         <subfield code="a">Sampedro, Luis</subfield>
      </datafield>
      <datafield tag="245" ind1="1" ind2="0">
         <subfield code="a">Genetics, phosphorus availability, and herbivore-derived induction as
        sources of phenotypic variation of leaf volatile terpenes in a pine species</subfield>
      </datafield>
      <datafield tag="300" ind1=" " ind2=" ">
         <subfield code="a">p. 4437-4447.</subfield>
      </datafield>
      <datafield tag="500" ind1=" " ind2=" ">
         <subfield code="a">Includes references</subfield>
      </datafield>
      <datafield tag="506" ind1=" " ind2=" ">
         <subfield code="a">Resource is Open Access</subfield>
         <subfield code="u">http://purl.org/eprint/accessRights/OpenAccess</subfield>
         <subfield code="f">Unrestricted online access</subfield>
         <subfield code="2">star</subfield>
      </datafield>
      <datafield tag="520" ind1=" " ind2=" ">
         <subfield code="a">Oleoresin produced and stored in pine tree leaves provides direct
        resistance to herbivores, while leaf volatile terpenes (LVT) in the resin are also powerful
        airborne infochemicals. Resin concentration and profile show considerable spatial and
        temporal phenotypic variation within and among pine populations. LVT biochemistry is known
        to be under genetic control, and although LVT should be plastic to diverse abiotic and
        biotic environmental factors such as nutrient availability and herbivore attack, little is
        known about their relative contributions and interactive effects. The aim of this paper was
        to clarify whether reduced phosphorus availability could increase the LVT concentration and
        affect the expression of herbivore-derived induced defences, and how plasticity would
        contribute to the phenotypic variation of LVT. The constitutive and methyl-jasmonate (MeJa)
        induced LVT concentration and profile were analysed in 17 half-sib Pinus pinaster families
        growing under two levels of P-availability (complete and P-limited fertilization).
        Individual terpene concentrations showed large additive genetic variation, which was more
        pronounced in the control than in MeJa-induced pines. MeJa application did not affect the
        LVT concentration, but significantly modified the LVT profile by depleting the α-pinene
        content and reducing the sesquiterpene fraction. Low P-availability strongly reduced plant
        growth and foliar nutrient concentrations, but did not affect LVT concentration and profile,
        and did not interact with MeJa-induction. Results indicate a strong homeostasis of LVT
        concentration to P-availability, and minor changes in the LVT profile due to MeJa-induction.
        Genetic variation appears to be the main source of phenotypic variation affecting the LVT
        concentration in this pine species.</subfield>
      </datafield>
      <datafield tag="593" ind1=" " ind2=" ">
         <subfield code="a">PubAg article</subfield>
      </datafield>
      <datafield tag="650" ind1=" " ind2="3">
         <subfield code="a">Pinus pinaster</subfield>
      </datafield>
      <datafield tag="650" ind1=" " ind2="3">
         <subfield code="a">environmental factors</subfield>
      </datafield>
      <datafield tag="650" ind1=" " ind2="3">
         <subfield code="a">genetic variation</subfield>
      </datafield>
      <datafield tag="650" ind1=" " ind2="3">
         <subfield code="a">herbivores</subfield>
      </datafield>
      <datafield tag="650" ind1=" " ind2="3">
         <subfield code="a">leaves</subfield>
      </datafield>
      <datafield tag="650" ind1=" " ind2="3">
         <subfield code="a">nutrient availability</subfield>
      </datafield>
      <datafield tag="650" ind1=" " ind2="3">
         <subfield code="a">nutrient content</subfield>
      </datafield>
      <datafield tag="650" ind1=" " ind2="3">
         <subfield code="a">phenotypic variation</subfield>
      </datafield>
      <datafield tag="650" ind1=" " ind2="3">
         <subfield code="a">phosphorus</subfield>
      </datafield>
      <datafield tag="650" ind1=" " ind2="3">
         <subfield code="a">plant growth</subfield>
      </datafield>
      <datafield tag="650" ind1=" " ind2="3">
         <subfield code="a">temporal variation</subfield>
      </datafield>
      <datafield tag="650" ind1=" " ind2="3">
         <subfield code="a">terpenoids</subfield>
      </datafield>
      <datafield tag="650" ind1=" " ind2="2">
         <subfield code="a">Acetates</subfield>
         <subfield code="x">pharmacology</subfield>
      </datafield>
      <datafield tag="650" ind1=" " ind2="2">
         <subfield code="a">Bicyclo Compounds</subfield>
         <subfield code="x">analysis</subfield>
         <subfield code="x">chemistry</subfield>
      </datafield>
      <datafield tag="650" ind1=" " ind2="2">
         <subfield code="a">Cyclopentanes</subfield>
         <subfield code="x">pharmacology</subfield>
      </datafield>
      <datafield tag="650" ind1=" " ind2="2">
         <subfield code="a">Feeding Behavior</subfield>
         <subfield code="x">drug effects</subfield>
      </datafield>
      <datafield tag="650" ind1=" " ind2="2">
         <subfield code="a">Genetic Variation</subfield>
         <subfield code="x">drug effects</subfield>
      </datafield>
      <datafield tag="650" ind1=" " ind2="2">
         <subfield code="a">Inheritance Patterns</subfield>
         <subfield code="x">drug effects</subfield>
         <subfield code="x">genetics</subfield>
      </datafield>
      <datafield tag="650" ind1=" " ind2="2">
         <subfield code="a">Isomerism</subfield>
      </datafield>
      <datafield tag="650" ind1=" " ind2="2">
         <subfield code="a">Models, Biological</subfield>
      </datafield>
      <datafield tag="650" ind1=" " ind2="2">
         <subfield code="a">Monoterpenes</subfield>
         <subfield code="x">analysis</subfield>
         <subfield code="x">chemistry</subfield>
      </datafield>
      <datafield tag="650" ind1=" " ind2="2">
         <subfield code="a">Oxylipins</subfield>
         <subfield code="x">pharmacology</subfield>
      </datafield>
      <datafield tag="650" ind1=" " ind2="2">
         <subfield code="a">Phenotype</subfield>
      </datafield>
      <datafield tag="650" ind1=" " ind2="2">
         <subfield code="a">Phosphorus</subfield>
         <subfield code="x">metabolism</subfield>
         <subfield code="x">pharmacology</subfield>
      </datafield>
      <datafield tag="650" ind1=" " ind2="2">
         <subfield code="a">Pinus</subfield>
         <subfield code="x">drug effects</subfield>
         <subfield code="x">genetics</subfield>
         <subfield code="x">metabolism</subfield>
      </datafield>
      <datafield tag="650" ind1=" " ind2="2">
         <subfield code="a">Plant Leaves</subfield>
         <subfield code="x">chemistry</subfield>
         <subfield code="x">drug effects</subfield>
      </datafield>
      <datafield tag="650" ind1=" " ind2="2">
         <subfield code="a">Seedling</subfield>
         <subfield code="x">drug effects</subfield>
         <subfield code="x">metabolism</subfield>
      </datafield>
      <datafield tag="650" ind1=" " ind2="2">
         <subfield code="a">Terpenes</subfield>
         <subfield code="x">metabolism</subfield>
      </datafield>
      <datafield tag="650" ind1=" " ind2="2">
         <subfield code="a">Volatilization</subfield>
         <subfield code="x">drug effects</subfield>
      </datafield>
      <datafield tag="700" ind1="1" ind2=" ">
         <subfield code="a">Moreira, Xoaquín</subfield>
      </datafield>
      <datafield tag="700" ind1="1" ind2=" ">
         <subfield code="a">Llusia, Joan</subfield>
      </datafield>
      <datafield tag="700" ind1="1" ind2=" ">
         <subfield code="a">Peñuelas, Josep</subfield>
      </datafield>
      <datafield tag="700" ind1="1" ind2=" ">
         <subfield code="a">Zas, Rafael</subfield>
      </datafield>
      <datafield tag="773" ind1="0" ind2=" ">
         <subfield code="t">Journal of experimental botany.</subfield>
         <subfield code="g">2010 Oct., v. 61, no. 15 p.4437-4447</subfield>
         <subfield code="d">Oxford University Press</subfield>
         <subfield code="x">0022-0957</subfield>
         <subfield code="7">nnas</subfield>
      </datafield>
      <datafield tag="787" ind1="1" ind2=" ">
         <subfield code="o">islandora_article_repository</subfield>
      </datafield>
      <datafield tag="787" ind1="1" ind2=" ">
         <subfield code="o">product_pubag</subfield>
      </datafield>
      <datafield tag="787" ind1="1" ind2=" ">
         <subfield code="o">(Journal)jnl44658</subfield>
      </datafield>
      <datafield tag="852" ind1=" " ind2=" ">
         <subfield code="a">DNAL</subfield>
      </datafield>
      <datafield tag="856" ind1="4" ind2="0">
         <subfield code="u">http://dx.doi.org/10.1093/jxb/erq246</subfield>
         <subfield code="3">Available from publisher's Web site</subfield>
      </datafield>
      <datafield tag="912" ind1=" " ind2=" ">
         <subfield code="a">Article</subfield>
      </datafield>
      <datafield tag="914" ind1=" " ind2=" ">
         <subfield code="a">Journal:jnl44658</subfield>
         <subfield code="b">0022-0957</subfield>
         <subfield code="c">61</subfield>
         <subfield code="d">15</subfield>
         <subfield code="e">4437</subfield>
      </datafield>
      <datafield tag="914" ind1=" " ind2=" ">
         <subfield code="f">Journal of experimental botany</subfield>
      </datafield>
      <datafield tag="917" ind1=" " ind2=" ">
         <subfield code="a">issued</subfield>
      </datafield>
      <datafield tag="935" ind1=" " ind2=" ">
         <subfield code="a">IND44435920</subfield>
         <subfield code="9">ExL</subfield>
      </datafield>
      <datafield tag="949" ind1=" " ind2=" ">
         <subfield code="a">2013-07-01</subfield>
      </datafield>
      <datafield tag="962" ind1=" " ind2=" ">
         <subfield code="a">Batch:243 annotated on 2013-06-04T12:46:48Z</subfield>
      </datafield>
      <datafield tag="962" ind1=" " ind2=" ">
         <subfield code="a">Batch:243 reviewed on 2013-07-01T14:00:02Z</subfield>
      </datafield>
      <datafield tag="962" ind1=" " ind2=" ">
         <subfield code="a">Batch:243 reviewed on 2013-07-01T16:00:02Z</subfield>
      </datafield>
      <datafield tag="974" ind1=" " ind2=" ">
         <subfield code="a">agid:509796</subfield>
      </datafield>
      <datafield tag="984" ind1=" " ind2=" ">
         <subfield code="a">2010-10-15</subfield>
      </datafield>
      <datafield tag="985" ind1=" " ind2=" ">
         <subfield code="a">Converted from MARCXML to MODS version 3.4 using MARC21slim2MODS3-4.xsl
        (Revision 1.77 2012/03/23)</subfield>
      </datafield>
      <datafield tag="986" ind1=" " ind2=" ">
         <subfield code="a">4435920</subfield>
      </datafield>
   </record>