
   <!--Record: 122-->
   <record>
      <leader>04431nab a2200685 u 4500</leader>
      <controlfield tag="001">9915857610207426</controlfield>
      <controlfield tag="005">20221119093509.0</controlfield>
      <controlfield tag="008">180510e20180515xx |||||o|||||||||||eng||</controlfield>
      <datafield tag="016" ind1="7" ind2=" ">
         <subfield code="a">IND605942958</subfield>
         <subfield code="2">DNAL</subfield>
      </datafield>
      <datafield tag="024" ind1="7" ind2=" ">
         <subfield code="a">10.1002/hyp.11510</subfield>
         <subfield code="2">doi</subfield>
      </datafield>
      <datafield tag="035" ind1=" " ind2=" ">
         <subfield code="a">agid:5942958-01nal_inst</subfield>
      </datafield>
      <datafield tag="040" ind1=" " ind2=" ">
         <subfield code="a">AGL</subfield>
         <subfield code="b">eng</subfield>
         <subfield code="c">AGL</subfield>
      </datafield>
      <datafield tag="100" ind1="1" ind2=" ">
         <subfield code="a">Pettit, Neil E.</subfield>
         <subfield code="e">author</subfield>
         <subfield code="u">School of Science, Edith Cowan University, 270 Joondalup Drive, Joondalup,
        Western Australia, 6027, Australia</subfield>
      </datafield>
      <datafield tag="245" ind1="1" ind2="0">
         <subfield code="a">How important is groundwater availability and stream perenniality to
        riparian and floodplain tree growth?</subfield>
      </datafield>
      <datafield tag="300" ind1=" " ind2=" ">
         <subfield code="a">p. 1502-1514.</subfield>
      </datafield>
      <datafield tag="500" ind1=" " ind2=" ">
         <subfield code="a">JOURNAL ARTICLE</subfield>
      </datafield>
      <datafield tag="520" ind1=" " ind2=" ">
         <subfield code="a">Riparian vegetation is important for stream functioning and as a major
        landscape feature. For many riparian plants, shallow groundwater is an important source of
        water, particularly in areas where rainfall is low, either annually or seasonally, and when
        extended dry conditions prevail for all or part of the year. The nature of tree water
        relationships is highly complex. Therefore, we used multiple lines of evidence to determine
        the water sources used by the dominant tree species Eucalyptus camaldulensis (river red
        gum), growing in riparian and floodplain areas with varying depth to groundwater and stream
        perenniality. Dendrometer bands were used to measure diel, seasonal, and annual patterns of
        tree water use and growth. Water stable isotopes (δ²H and δ¹⁸O) in plant xylem, soil water,
        and groundwater were measured to determine spatial and temporal patterns in plant water
        source use. Our results indicated riparian trees located on relatively shallow groundwater
        had greater growth rates, larger diel responses in stem diameter, and were less reactive to
        extended dry periods, than trees in areas of deep groundwater. These results were supported
        by isotope analysis that suggested all trees used groundwater when soil water stores were
        depleted at the end of the dry season, and this was most pronounced for trees with shallow
        groundwater. Trees may experience more frequent periods of water deficit stress and undergo
        reduced productivity in scenarios where water table accessibility is reduced, such as
        drawdown from groundwater pumping activities or periods of reduced rainfall recharge. The
        ability of trees to adapt to changing groundwater conditions may depend on the speed of
        change, the local hydrologic and soil conditions as well as the species involved. Our
        results suggest that E. camaldulesis growing at our study site is capable of utilizing
        groundwater even to depths &gt;10 m, and stream perenniality is likely to be a useful
        indicator of riparian tree use of groundwater.</subfield>
      </datafield>
      <datafield tag="592" ind1=" " ind2=" ">
         <subfield code="a">Publisher supplied data</subfield>
      </datafield>
      <datafield tag="593" ind1=" " ind2=" ">
         <subfield code="a">PubAg article</subfield>
      </datafield>
      <datafield tag="650" ind1=" " ind2="3">
         <subfield code="a">Eucalyptus camaldulensis</subfield>
      </datafield>
      <datafield tag="650" ind1=" " ind2="3">
         <subfield code="a">deuterium</subfield>
      </datafield>
      <datafield tag="650" ind1=" " ind2="3">
         <subfield code="a">drawdown</subfield>
      </datafield>
      <datafield tag="650" ind1=" " ind2="3">
         <subfield code="a">dry season</subfield>
      </datafield>
      <datafield tag="650" ind1=" " ind2="3">
         <subfield code="a">floodplains</subfield>
      </datafield>
      <datafield tag="650" ind1=" " ind2="3">
         <subfield code="a">groundwater</subfield>
      </datafield>
      <datafield tag="650" ind1=" " ind2="3">
         <subfield code="a">landscapes</subfield>
      </datafield>
      <datafield tag="650" ind1=" " ind2="3">
         <subfield code="a">oxygen</subfield>
      </datafield>
      <datafield tag="650" ind1=" " ind2="3">
         <subfield code="a">rain</subfield>
      </datafield>
      <datafield tag="650" ind1=" " ind2="3">
         <subfield code="a">riparian vegetation</subfield>
      </datafield>
      <datafield tag="650" ind1=" " ind2="3">
         <subfield code="a">soil quality</subfield>
      </datafield>
      <datafield tag="650" ind1=" " ind2="3">
         <subfield code="a">soil water</subfield>
      </datafield>
      <datafield tag="650" ind1=" " ind2="3">
         <subfield code="a">stable isotopes</subfield>
      </datafield>
      <datafield tag="650" ind1=" " ind2="3">
         <subfield code="a">streams</subfield>
      </datafield>
      <datafield tag="650" ind1=" " ind2="3">
         <subfield code="a">tree growth</subfield>
      </datafield>
      <datafield tag="650" ind1=" " ind2="3">
         <subfield code="a">trees</subfield>
      </datafield>
      <datafield tag="650" ind1=" " ind2="3">
         <subfield code="a">water stress</subfield>
      </datafield>
      <datafield tag="650" ind1=" " ind2="3">
         <subfield code="a">water table</subfield>
      </datafield>
      <datafield tag="650" ind1=" " ind2="3">
         <subfield code="a">xylem</subfield>
      </datafield>
      <datafield tag="700" ind1="1" ind2=" ">
         <subfield code="a">Froend, Ray H.</subfield>
         <subfield code="e">author</subfield>
         <subfield code="u">School of Science, Edith Cowan University, 270 Joondalup Drive, Joondalup,
        Western Australia, 6027, Australia</subfield>
      </datafield>
      <datafield tag="773" ind1="0" ind2=" ">
         <subfield code="t">Hydrological processes.</subfield>
         <subfield code="g">2018 May 15, v. 32, no. 10 p.1502-1514</subfield>
         <subfield code="d">John Wiley &amp; Sons, Ltd</subfield>
         <subfield code="w">Journal:jnl3938466</subfield>
         <subfield code="x">0885-6087</subfield>
         <subfield code="7">nnas</subfield>
      </datafield>
      <datafield tag="787" ind1="1" ind2=" ">
         <subfield code="o">islandora_article_repository</subfield>
      </datafield>
      <datafield tag="787" ind1="1" ind2=" ">
         <subfield code="o">product_pubag</subfield>
      </datafield>
      <datafield tag="787" ind1="1" ind2=" ">
         <subfield code="o">(Journal)jnl3938466</subfield>
      </datafield>
      <datafield tag="856" ind1="4" ind2="0">
         <subfield code="u">http://dx.doi.org/10.1002/hyp.11510</subfield>
         <subfield code="3">Available from publisher's site</subfield>
      </datafield>
      <datafield tag="912" ind1=" " ind2=" ">
         <subfield code="a">Article</subfield>
      </datafield>
      <datafield tag="914" ind1=" " ind2=" ">
         <subfield code="a">Journal:jnl3938466</subfield>
         <subfield code="b">0885-6087</subfield>
         <subfield code="c">32</subfield>
         <subfield code="d">10</subfield>
         <subfield code="e">1502</subfield>
      </datafield>
      <datafield tag="914" ind1=" " ind2=" ">
         <subfield code="f">Hydrological processes</subfield>
      </datafield>
      <datafield tag="916" ind1=" " ind2=" ">
         <subfield code="a">Batch:1990</subfield>
      </datafield>
      <datafield tag="917" ind1=" " ind2=" ">
         <subfield code="a">issued</subfield>
      </datafield>
      <datafield tag="918" ind1="2" ind2=" ">
         <subfield code="a">JOHN WILEY &amp; SONS, INC.</subfield>
         <subfield code="e">provider</subfield>
         <subfield code="5">DNAL</subfield>
      </datafield>
      <datafield tag="935" ind1=" " ind2=" ">
         <subfield code="a">IND605942958</subfield>
         <subfield code="9">ExL</subfield>
      </datafield>
      <datafield tag="949" ind1=" " ind2=" ">
         <subfield code="a">2018-07-18</subfield>
      </datafield>
      <datafield tag="953" ind1=" " ind2=" ">
         <subfield code="a">/data/metadata/incoming/wiley/08856087_2018_32_10.xml</subfield>
      </datafield>
      <datafield tag="954" ind1=" " ind2=" ">
         <subfield code="a">file:/data/metadata/staging/wiley/08856087_2018_32_10.xml</subfield>
      </datafield>
      <datafield tag="955" ind1=" " ind2=" ">
         <subfield code="a">/data/metadata/staging/wiley/</subfield>
      </datafield>
      <datafield tag="962" ind1=" " ind2=" ">
         <subfield code="a">Batch:1990 reviewed on 2018-06-15T14:07:06Z</subfield>
      </datafield>
      <datafield tag="962" ind1=" " ind2=" ">
         <subfield code="a">Batch:1990 reviewed on 2018-07-18T10:00:03Z</subfield>
      </datafield>
      <datafield tag="974" ind1=" " ind2=" ">
         <subfield code="a">agid:5942958</subfield>
      </datafield>
      <datafield tag="983" ind1=" " ind2=" ">
         <subfield code="a">2018-05-10</subfield>
      </datafield>
      <datafield tag="984" ind1=" " ind2=" ">
         <subfield code="a">2018-07-18</subfield>
      </datafield>
   </record>