
   <!--Record: 123-->
   <record>
      <leader>04381nab a2200469 u 4500</leader>
      <controlfield tag="001">9915857943307426</controlfield>
      <controlfield tag="005">20221119094056.0</controlfield>
      <controlfield tag="008">220120e20211228xx |||||o|||||||||||eng||</controlfield>
      <datafield tag="016" ind1="7" ind2=" ">
         <subfield code="a">IND607634777</subfield>
         <subfield code="2">DNAL</subfield>
      </datafield>
      <datafield tag="024" ind1="7" ind2=" ">
         <subfield code="a">10.3390/ijgi11010007</subfield>
         <subfield code="2">doi</subfield>
      </datafield>
      <datafield tag="035" ind1=" " ind2=" ">
         <subfield code="a">agid:7634777-01nal_inst</subfield>
      </datafield>
      <datafield tag="040" ind1=" " ind2=" ">
         <subfield code="a">AGL</subfield>
         <subfield code="b">eng</subfield>
         <subfield code="c">AGL</subfield>
      </datafield>
      <datafield tag="100" ind1="1" ind2=" ">
         <subfield code="a">Hu, Erjie </subfield>
         <subfield code="e">author</subfield>
      </datafield>
      <datafield tag="245" ind1="1" ind2="0">
         <subfield code="a">Spatial Patterns of Urban Innovation and Their Evolution from Perspectives
        of Capacity and Structure: Taking Shenzhen as an Example</subfield>
      </datafield>
      <datafield tag="520" ind1=" " ind2=" ">
         <subfield code="a">Innovation is a key factor for a country’s overall national strength and
        core competitiveness. The spatial pattern of innovation reflects the regional differences of
        innovation development, which can provide guidance for the regional allocation of innovation
        resources. Most studies on the spatial pattern of innovation are at urban and above spatial
        scale, but studies at urban internal scale are insufficient. The precision and index of the
        spatial pattern of innovation in the city needs to be improved. This study proposes to
        divide spatial units based on geographic coordinates of patents, designs the innovation
        capability and innovation structure index of a spatial unit and their calculation methods,
        and then reveals the spatial patterns of innovation and their evolutionary characteristics
        in Shenzhen during 2000–2018. The results show that: (1) The pattern of innovation capacity
        of secondary industry exhibited a pronounced spatial spillover effect with a positive
        spatial correlation. The innovation capacity and innovation structure index of the secondary
        industry evolved in a similar manner; i.e., they gradually extended from the southwest area
        to the north over time, forming a tree-like distribution pattern with the central part of
        the southwest area as the “root” and the northwest and northeast areas as the “canopy”. (2)
        The pattern of innovation capacity of tertiary industry also had a significant spatial
        spillover effect with a positive spatial correlation. There were differences between the
        evolutions of innovation capacity and innovation structure index of tertiary industry.
        Specifically, its innovation capacity presented a triangular spatial distribution pattern
        with three groups in the central and eastern parts of the southwest area and the
        south-eastern part of the northwest area as the vertices, while its innovative structure
        showed a radial spatial distribution pattern with the southwestern part of the southwest
        area as the source and a gradually sparse distribution toward the northeast. (3) There were
        differences between the evolution modes of secondary and tertiary industries. Areas with
        high innovation capacity in the secondary industry tended to be more balanced, while areas
        with high innovation capacity in the tertiary industry did not necessarily have a balanced
        innovation structure. Through the method designed in this paper, the spatial pattern of
        urban innovation can be more precise and comprehensive revealed, and provide useful
        references for the development of urban innovation.</subfield>
      </datafield>
      <datafield tag="592" ind1=" " ind2=" ">
         <subfield code="a">Publisher supplied data</subfield>
      </datafield>
      <datafield tag="593" ind1=" " ind2=" ">
         <subfield code="a">PubAg article</subfield>
      </datafield>
      <datafield tag="650" ind1=" " ind2="3">
         <subfield code="a">evolution</subfield>
      </datafield>
      <datafield tag="650" ind1=" " ind2="3">
         <subfield code="a">industry</subfield>
      </datafield>
      <datafield tag="650" ind1=" " ind2="3">
         <subfield code="a">spatial data</subfield>
      </datafield>
      <datafield tag="700" ind1="1" ind2=" ">
         <subfield code="a">Hu, Di </subfield>
         <subfield code="e">author</subfield>
         <subfield code="u">School of Geography, Nanjing Normal University, Nanjing 210023,
        China</subfield>
      </datafield>
      <datafield tag="700" ind1="1" ind2=" ">
         <subfield code="a">He, Handong </subfield>
         <subfield code="e">author</subfield>
      </datafield>
      <datafield tag="773" ind1="0" ind2=" ">
         <subfield code="t">ISPRS international journal of geo-information.</subfield>
         <subfield code="g">2021 Dec. 28, v. 11, no. 1</subfield>
         <subfield code="d">Multidisciplinary Digital Publishing Institute</subfield>
         <subfield code="w">Journal:21619</subfield>
         <subfield code="x">2220-9964</subfield>
         <subfield code="7">nnas</subfield>
      </datafield>
      <datafield tag="787" ind1="1" ind2=" ">
         <subfield code="o">islandora_article_repository</subfield>
      </datafield>
      <datafield tag="787" ind1="1" ind2=" ">
         <subfield code="o">product_pubag</subfield>
      </datafield>
      <datafield tag="787" ind1="1" ind2=" ">
         <subfield code="o">(Journal)21619</subfield>
      </datafield>
      <datafield tag="856" ind1="4" ind2="0">
         <subfield code="u">https://dx.doi.org/10.3390/ijgi11010007</subfield>
         <subfield code="3">Available from publisher's site</subfield>
      </datafield>
      <datafield tag="912" ind1=" " ind2=" ">
         <subfield code="a">Article</subfield>
      </datafield>
      <datafield tag="914" ind1=" " ind2=" ">
         <subfield code="a">Journal:21619</subfield>
         <subfield code="b">2220-9964</subfield>
         <subfield code="c">11</subfield>
         <subfield code="d">1</subfield>
      </datafield>
      <datafield tag="914" ind1=" " ind2=" ">
         <subfield code="f">ISPRS international journal of geo-information</subfield>
      </datafield>
      <datafield tag="916" ind1=" " ind2=" ">
         <subfield code="a">Batch:10233</subfield>
      </datafield>
      <datafield tag="917" ind1=" " ind2=" ">
         <subfield code="a">issued</subfield>
      </datafield>
      <datafield tag="918" ind1="2" ind2=" ">
         <subfield code="a">Multidisciplinary Digital Publishing Institute</subfield>
         <subfield code="e">provider</subfield>
         <subfield code="5">DNAL</subfield>
      </datafield>
      <datafield tag="935" ind1=" " ind2=" ">
         <subfield code="a">IND607634777</subfield>
         <subfield code="9">ExL</subfield>
      </datafield>
      <datafield tag="949" ind1=" " ind2=" ">
         <subfield code="a">2022-03-14</subfield>
      </datafield>
      <datafield tag="952" ind1=" " ind2=" ">
         <subfield code="d">NAL-AP-2-clean</subfield>
      </datafield>
      <datafield tag="953" ind1=" " ind2=" ">
         <subfield code="a">/data/metadata/incoming/mdpinstitute/ijgi-v11-i01-20220120.xml</subfield>
      </datafield>
      <datafield tag="954" ind1=" " ind2=" ">
         <subfield code="a">file:/data/metadata/staging/mdpinstitute/ijgi-v11-i01-20220120.xml</subfield>
      </datafield>
      <datafield tag="955" ind1=" " ind2=" ">
         <subfield code="a">/data/metadata/staging/mdpinstitute/</subfield>
      </datafield>
      <datafield tag="974" ind1=" " ind2=" ">
         <subfield code="a">agid:7634777</subfield>
      </datafield>
      <datafield tag="983" ind1=" " ind2=" ">
         <subfield code="a">2022-01-20</subfield>
      </datafield>
      <datafield tag="984" ind1=" " ind2=" ">
         <subfield code="a">2022-03-14</subfield>
      </datafield>
   </record>