
   <!--Record: 124-->
   <record>
      <leader>06549nab a2200745 u 4500</leader>
      <controlfield tag="001">9915858046207426</controlfield>
      <controlfield tag="005">20221119095345.0</controlfield>
      <controlfield tag="008">220624e202206 xx |||||o|||||||||||eng||</controlfield>
      <datafield tag="016" ind1="7" ind2=" ">
         <subfield code="a">IND607790519</subfield>
         <subfield code="2">DNAL</subfield>
      </datafield>
      <datafield tag="024" ind1="7" ind2=" ">
         <subfield code="a">10.1007/s10113-022-01936-w</subfield>
         <subfield code="2">doi</subfield>
      </datafield>
      <datafield tag="035" ind1=" " ind2=" ">
         <subfield code="a">agid:7790519-01nal_inst</subfield>
      </datafield>
      <datafield tag="040" ind1=" " ind2=" ">
         <subfield code="a">AGL</subfield>
         <subfield code="b">eng</subfield>
         <subfield code="c">AGL</subfield>
      </datafield>
      <datafield tag="100" ind1="1" ind2=" ">
         <subfield code="a">Peng, Yu</subfield>
         <subfield code="e">author</subfield>
         <subfield code="u">Key Laboratory of Ecology and Environment in Minority Areas (Minzu
        University of China), National Ethnic Affairs Commission, Beijing, 100081, China</subfield>
         <subfield code="1">https://orcid.org/0000-0003-2647-7627</subfield>
      </datafield>
      <datafield tag="245" ind1="1" ind2="0">
         <subfield code="a">Prediction of drought/flood intensities based on a 500-year time series in
        three different climate provinces of China</subfield>
      </datafield>
      <datafield tag="300" ind1=" " ind2=" ">
         <subfield code="a">p. 80.</subfield>
      </datafield>
      <datafield tag="520" ind1=" " ind2=" ">
         <subfield code="a">In this study, the intensities of droughts and floods in three provinces of
        China are projected using three approaches: wavelet analysis, auto-regressive integrated
        moving average (ARIMA) models, and random tree (RT) models based on a 500-year time series.
        The motivation for this work was the observation that drought/flood intensities are
        generally increasing, the prediction of drought/flood intensities for the next 50 years,
        along with their future spatiotemporal patterns. Based on the three approaches, with few
        exceptions, the results reveal a likely increasing trend for both droughts and floods, with
        higher intensity under the RCP8.5 scenario for droughts and the RCP4.5 scenario for floods
        by the year 2050. Notwithstanding this worsening trend, it was found that drought/flood
        intensities for most regions are projected to neither entirely increase nor entirely
        decrease in the near future. Drought and flood intensities may alternatively occur on a
        multi-year or a decadal timescale. Inner Mongolia, located in an arid temperate climate
        zone, is projected to experience a higher average disaster intensity, followed by the warm
        monsoon region of Henan, while the humid subtropical region of Guizhou is projected to be
        the least affected, with high spatial heterogeneity within each region. Climate variation,
        particularly temperature range and deviation across either the coldest or wettest months,
        was closely associated with drought/flood intensities. We conclude that the major challenge
        for drought/flood prediction is not the general change trends or their responses to climate
        change, but the spatiotemporal heterogeneity at multiple scales.</subfield>
      </datafield>
      <datafield tag="592" ind1=" " ind2=" ">
         <subfield code="a">Publisher supplied data</subfield>
      </datafield>
      <datafield tag="593" ind1=" " ind2=" ">
         <subfield code="a">PubAg article</subfield>
      </datafield>
      <datafield tag="596" ind1=" " ind2=" ">
         <subfield code="a">2017YFC0505606</subfield>
         <subfield code="c">the National Key Research and Development Program of China</subfield>
      </datafield>
      <datafield tag="650" ind1=" " ind2="3">
         <subfield code="a">climate change</subfield>
      </datafield>
      <datafield tag="650" ind1=" " ind2="3">
         <subfield code="a">climatic factors</subfield>
      </datafield>
      <datafield tag="650" ind1=" " ind2="3">
         <subfield code="a">drought</subfield>
      </datafield>
      <datafield tag="650" ind1=" " ind2="3">
         <subfield code="a">monsoon season</subfield>
      </datafield>
      <datafield tag="650" ind1=" " ind2="3">
         <subfield code="a">prediction</subfield>
      </datafield>
      <datafield tag="650" ind1=" " ind2="3">
         <subfield code="a">spatial variation</subfield>
      </datafield>
      <datafield tag="650" ind1=" " ind2="3">
         <subfield code="a">subtropics</subfield>
      </datafield>
      <datafield tag="650" ind1=" " ind2="3">
         <subfield code="a">temperate zones</subfield>
      </datafield>
      <datafield tag="650" ind1=" " ind2="3">
         <subfield code="a">temperature</subfield>
      </datafield>
      <datafield tag="650" ind1=" " ind2="3">
         <subfield code="a">time series analysis</subfield>
      </datafield>
      <datafield tag="650" ind1=" " ind2="3">
         <subfield code="a">wavelet</subfield>
      </datafield>
      <datafield tag="651" ind1=" " ind2="3">
         <subfield code="a">China</subfield>
      </datafield>
      <datafield tag="700" ind1="1" ind2=" ">
         <subfield code="a">Wang, Zhaohua</subfield>
         <subfield code="e">author</subfield>
         <subfield code="u">Key Laboratory of Ecology and Environment in Minority Areas (Minzu
        University of China), National Ethnic Affairs Commission, Beijing, 100081, China</subfield>
      </datafield>
      <datafield tag="700" ind1="1" ind2=" ">
         <subfield code="a">Cui, Yixin</subfield>
         <subfield code="e">author</subfield>
         <subfield code="u">Key Laboratory of Ecology and Environment in Minority Areas (Minzu
        University of China), National Ethnic Affairs Commission, Beijing, 100081, China</subfield>
      </datafield>
      <datafield tag="700" ind1="1" ind2=" ">
         <subfield code="a">Su, Yali</subfield>
         <subfield code="e">author</subfield>
         <subfield code="u">Key Laboratory of Ecology and Environment in Minority Areas (Minzu
        University of China), National Ethnic Affairs Commission, Beijing, 100081, China</subfield>
      </datafield>
      <datafield tag="700" ind1="1" ind2=" ">
         <subfield code="a">Tang, Yiyun</subfield>
         <subfield code="e">author</subfield>
         <subfield code="u">Key Laboratory of Ecology and Environment in Minority Areas (Minzu
        University of China), National Ethnic Affairs Commission, Beijing, 100081, China</subfield>
      </datafield>
      <datafield tag="700" ind1="1" ind2=" ">
         <subfield code="a">Luo, Shiqian</subfield>
         <subfield code="e">author</subfield>
         <subfield code="u">Key Laboratory of Ecology and Environment in Minority Areas (Minzu
        University of China), National Ethnic Affairs Commission, Beijing, 100081, China</subfield>
      </datafield>
      <datafield tag="700" ind1="1" ind2=" ">
         <subfield code="a">Liu, Lianlin</subfield>
         <subfield code="e">author</subfield>
         <subfield code="u">Key Laboratory of Ecology and Environment in Minority Areas (Minzu
        University of China), National Ethnic Affairs Commission, Beijing, 100081, China</subfield>
      </datafield>
      <datafield tag="700" ind1="1" ind2=" ">
         <subfield code="a">Zhou, Yanqiu</subfield>
         <subfield code="e">author</subfield>
         <subfield code="u">Key Laboratory of Ecology and Environment in Minority Areas (Minzu
        University of China), National Ethnic Affairs Commission, Beijing, 100081, China</subfield>
      </datafield>
      <datafield tag="700" ind1="1" ind2=" ">
         <subfield code="a">Dong, Jihui</subfield>
         <subfield code="e">author</subfield>
         <subfield code="u">Key Laboratory of Ecology and Environment in Minority Areas (Minzu
        University of China), National Ethnic Affairs Commission, Beijing, 100081, China</subfield>
      </datafield>
      <datafield tag="700" ind1="1" ind2=" ">
         <subfield code="a">Wang, Wentao</subfield>
         <subfield code="e">author</subfield>
         <subfield code="u">Key Laboratory of Ecology and Environment in Minority Areas (Minzu
        University of China), National Ethnic Affairs Commission, Beijing, 100081, China</subfield>
      </datafield>
      <datafield tag="700" ind1="1" ind2=" ">
         <subfield code="a">Li, Xiang</subfield>
         <subfield code="e">author</subfield>
         <subfield code="u">Key Laboratory of Ecology and Environment in Minority Areas (Minzu
        University of China), National Ethnic Affairs Commission, Beijing, 100081, China</subfield>
      </datafield>
      <datafield tag="700" ind1="1" ind2=" ">
         <subfield code="a">Shang, Jiaxin</subfield>
         <subfield code="e">author</subfield>
         <subfield code="u">Key Laboratory of Ecology and Environment in Minority Areas (Minzu
        University of China), National Ethnic Affairs Commission, Beijing, 100081, China</subfield>
      </datafield>
      <datafield tag="700" ind1="1" ind2=" ">
         <subfield code="a">Huang, Yihang</subfield>
         <subfield code="e">author</subfield>
         <subfield code="u">Key Laboratory of Ecology and Environment in Minority Areas (Minzu
        University of China), National Ethnic Affairs Commission, Beijing, 100081, China</subfield>
      </datafield>
      <datafield tag="700" ind1="1" ind2=" ">
         <subfield code="a">Lu, Yitong</subfield>
         <subfield code="e">author</subfield>
         <subfield code="u">Key Laboratory of Ecology and Environment in Minority Areas (Minzu
        University of China), National Ethnic Affairs Commission, Beijing, 100081, China</subfield>
      </datafield>
      <datafield tag="700" ind1="1" ind2=" ">
         <subfield code="a">He, Xiaoao</subfield>
         <subfield code="e">author</subfield>
         <subfield code="u">Key Laboratory of Ecology and Environment in Minority Areas (Minzu
        University of China), National Ethnic Affairs Commission, Beijing, 100081, China</subfield>
      </datafield>
      <datafield tag="700" ind1="1" ind2=" ">
         <subfield code="a">Bai, Ting</subfield>
         <subfield code="e">author</subfield>
         <subfield code="u">Key Laboratory of Ecology and Environment in Minority Areas (Minzu
        University of China), National Ethnic Affairs Commission, Beijing, 100081, China</subfield>
      </datafield>
      <datafield tag="773" ind1="0" ind2=" ">
         <subfield code="t">Regional environmental change.</subfield>
         <subfield code="g">2022 June, v. 22, no. 2 p.80-80</subfield>
         <subfield code="d">Springer Berlin Heidelberg</subfield>
         <subfield code="w">Journal:J000000303</subfield>
         <subfield code="x">1436-3798</subfield>
         <subfield code="7">nnas</subfield>
      </datafield>
      <datafield tag="787" ind1="1" ind2=" ">
         <subfield code="o">islandora_article_repository</subfield>
      </datafield>
      <datafield tag="787" ind1="1" ind2=" ">
         <subfield code="o">product_pubag</subfield>
      </datafield>
      <datafield tag="787" ind1="1" ind2=" ">
         <subfield code="o">(Journal)J000000303</subfield>
      </datafield>
      <datafield tag="856" ind1="4" ind2="0">
         <subfield code="u">https://dx.doi.org/10.1007/s10113-022-01936-w</subfield>
         <subfield code="3">Available from publisher's site</subfield>
      </datafield>
      <datafield tag="912" ind1=" " ind2=" ">
         <subfield code="a">Article</subfield>
      </datafield>
      <datafield tag="914" ind1=" " ind2=" ">
         <subfield code="a">Journal:J000000303</subfield>
         <subfield code="b">1436-3798</subfield>
         <subfield code="c">22</subfield>
         <subfield code="d">2</subfield>
         <subfield code="e">80</subfield>
      </datafield>
      <datafield tag="914" ind1=" " ind2=" ">
         <subfield code="f">Regional environmental change</subfield>
      </datafield>
      <datafield tag="916" ind1=" " ind2=" ">
         <subfield code="a">Batch:10269</subfield>
      </datafield>
      <datafield tag="917" ind1=" " ind2=" ">
         <subfield code="a">issued</subfield>
      </datafield>
      <datafield tag="918" ind1="2" ind2=" ">
         <subfield code="a">Springer</subfield>
         <subfield code="e">provider</subfield>
         <subfield code="5">DNAL</subfield>
      </datafield>
      <datafield tag="935" ind1=" " ind2=" ">
         <subfield code="a">IND607790519</subfield>
         <subfield code="9">ExL</subfield>
      </datafield>
      <datafield tag="949" ind1=" " ind2=" ">
         <subfield code="a">2022-06-03</subfield>
      </datafield>
      <datafield tag="953" ind1=" " ind2=" ">
         <subfield code="a">/data/metadata/incoming/springer/ftp_PUB_22-06-24_05-28-03.zip</subfield>
      </datafield>
      <datafield tag="954" ind1=" " ind2=" ">
         <subfield code="a">file:/data/metadata/staging/springer/10113-22-2.xml</subfield>
      </datafield>
      <datafield tag="955" ind1=" " ind2=" ">
         <subfield code="a">/data/metadata/staging/springer/</subfield>
      </datafield>
      <datafield tag="974" ind1=" " ind2=" ">
         <subfield code="a">agid:7790519</subfield>
      </datafield>
      <datafield tag="983" ind1=" " ind2=" ">
         <subfield code="a">2022-06-24</subfield>
      </datafield>
      <datafield tag="984" ind1=" " ind2=" ">
         <subfield code="a">2022-06-24</subfield>
      </datafield>
   </record>