
   <!--Record: 125-->
   <record>
      <leader>04858nab a2200661 u 4500</leader>
      <controlfield tag="001">9915858225407426</controlfield>
      <controlfield tag="005">20221119095404.0</controlfield>
      <controlfield tag="008">190923e20190914xx |||||o|||||||||||eng||</controlfield>
      <datafield tag="016" ind1="7" ind2=" ">
         <subfield code="a">IND606699675</subfield>
         <subfield code="2">DNAL</subfield>
      </datafield>
      <datafield tag="024" ind1="7" ind2=" ">
         <subfield code="a">10.1016/j.gecco.2019.e00790</subfield>
         <subfield code="2">doi</subfield>
      </datafield>
      <datafield tag="035" ind1=" " ind2=" ">
         <subfield code="a">agid:6699675-01nal_inst</subfield>
      </datafield>
      <datafield tag="040" ind1=" " ind2=" ">
         <subfield code="a">AGL</subfield>
         <subfield code="b">eng</subfield>
         <subfield code="c">AGL</subfield>
      </datafield>
      <datafield tag="100" ind1="1" ind2=" ">
         <subfield code="a">Wang, Yin</subfield>
         <subfield code="e">author</subfield>
         <subfield code="u">College of Forestry, Beijing Forestry University, No. 35 Qinghua East Road,
        Haidian District, Beijing, 100083, China</subfield>
      </datafield>
      <datafield tag="245" ind1="1" ind2="0">
         <subfield code="a">Grazing plays an important role in structuring alpha and beta components of
        taxonomic, functional, and phylogenetic diversity in semiarid sandy land of northern
        China</subfield>
      </datafield>
      <datafield tag="500" ind1=" " ind2=" ">
         <subfield code="a">Pre-press version</subfield>
      </datafield>
      <datafield tag="520" ind1=" " ind2=" ">
         <subfield code="a">Horqin Sandy Land is located in the semiarid farming-pastoral ecotone of
        China, with a long-term history of uncontrolled livestock grazing. However, the relative
        effects of grazing, environmental and spatial factors on taxonomic, functional, and
        phylogenetic diversity has not been explored simultaneously. To test the relative importance
        of grazing, environmental and spatial factors in shaping alpha and beta components of
        taxonomic, functional, and phylogenetic diversity in semiarid sandy land, a large-scale
        field survey was carried out from 141 plots at 41 sites across Horqin Sandy Land. Results
        showed that grazing, environmental and spatial factors affected three facets of diversity in
        different ways at both alpha and beta scales. Taxonomic, functional, and phylogenetic
        diversity was shaped by environmental factors at the alpha scale, whereas phylogenetic
        diversity was correlated with spatial factors at the beta scale. Interestingly, beta
        taxonomic diversity was determined by spatially structured environmental factors and beta
        functional diversity was determined by environmental factors. Results showed that the
        ecological drivers of biodiversity may vary according to different facets and scales.
        Meanwhile, we also found that grazing plays an important role in structuring biodiversity in
        semiarid sandy land. Grazing disturbance explained more variation at the alpha scale than at
        the beta scale. Furthermore, the joint effect of grazing disturbance and soil fertility
        played an important role in shaping alpha diversity. It is worth noting that all three
        facets of diversity were reduced by increasing grazing intensity or decreasing soil
        fertility. Our results highlight that correctly managing grazing locally and unfertile site
        can decrease the effects of disturbance on biodiversity patterns in semiarid ecosystems.
        Future research should focus on taxonomic, functional, and phylogenetic diversity at various
        scales to determine biodiversity conservation strategies.</subfield>
      </datafield>
      <datafield tag="592" ind1=" " ind2=" ">
         <subfield code="a">Publisher supplied data</subfield>
      </datafield>
      <datafield tag="593" ind1=" " ind2=" ">
         <subfield code="a">PubAg article</subfield>
      </datafield>
      <datafield tag="650" ind1=" " ind2="3">
         <subfield code="a">biodiversity conservation</subfield>
      </datafield>
      <datafield tag="650" ind1=" " ind2="3">
         <subfield code="a">ecosystems</subfield>
      </datafield>
      <datafield tag="650" ind1=" " ind2="3">
         <subfield code="a">ecotones</subfield>
      </datafield>
      <datafield tag="650" ind1=" " ind2="3">
         <subfield code="a">environmental factors</subfield>
      </datafield>
      <datafield tag="650" ind1=" " ind2="3">
         <subfield code="a">functional diversity</subfield>
      </datafield>
      <datafield tag="650" ind1=" " ind2="3">
         <subfield code="a">grazing intensity</subfield>
      </datafield>
      <datafield tag="650" ind1=" " ind2="3">
         <subfield code="a">livestock</subfield>
      </datafield>
      <datafield tag="650" ind1=" " ind2="3">
         <subfield code="a">phylogeny</subfield>
      </datafield>
      <datafield tag="650" ind1=" " ind2="3">
         <subfield code="a">soil fertility</subfield>
      </datafield>
      <datafield tag="650" ind1=" " ind2="3">
         <subfield code="a">species diversity</subfield>
      </datafield>
      <datafield tag="650" ind1=" " ind2="3">
         <subfield code="a">surveys</subfield>
      </datafield>
      <datafield tag="651" ind1=" " ind2="3">
         <subfield code="a">China</subfield>
      </datafield>
      <datafield tag="653" ind1=" " ind2="0">
         <subfield code="a">Alpha diversity</subfield>
      </datafield>
      <datafield tag="653" ind1=" " ind2="0">
         <subfield code="a">Beta diversity</subfield>
      </datafield>
      <datafield tag="653" ind1=" " ind2="0">
         <subfield code="a">Grazing disturbance</subfield>
      </datafield>
      <datafield tag="653" ind1=" " ind2="0">
         <subfield code="a">Horqin sandy land</subfield>
      </datafield>
      <datafield tag="700" ind1="1" ind2=" ">
         <subfield code="a">Wang, Jianming</subfield>
         <subfield code="e">author</subfield>
         <subfield code="u">College of Forestry, Beijing Forestry University, No. 35 Qinghua East Road,
        Haidian District, Beijing, 100083, China</subfield>
      </datafield>
      <datafield tag="700" ind1="1" ind2=" ">
         <subfield code="a">Chen, Chen</subfield>
         <subfield code="e">author</subfield>
         <subfield code="u">College of Forestry, Beijing Forestry University, No. 35 Qinghua East Road,
        Haidian District, Beijing, 100083, China</subfield>
      </datafield>
      <datafield tag="700" ind1="1" ind2=" ">
         <subfield code="a">Li, Jingwen</subfield>
         <subfield code="e">author</subfield>
         <subfield code="u">College of Forestry, Beijing Forestry University, No. 35 Qinghua East Road,
        Haidian District, Beijing, 100083, China</subfield>
      </datafield>
      <datafield tag="700" ind1="1" ind2=" ">
         <subfield code="a">Chu, Jianmin</subfield>
         <subfield code="e">author</subfield>
         <subfield code="u">Key Laboratory of Tree Breeding and Cultivation, State Forestry
        Administration, Research Institute of Forestry, Chinese Academy of Forestry, Beijing,
        100091, China</subfield>
      </datafield>
      <datafield tag="773" ind1="0" ind2=" ">
         <subfield code="t">Global ecology and conservation.</subfield>
         <subfield code="g">2019 Sept. 14, </subfield>
         <subfield code="d">Elsevier B.V.</subfield>
         <subfield code="w">Journal:23212</subfield>
         <subfield code="x">2351-9894</subfield>
         <subfield code="7">nnas</subfield>
      </datafield>
      <datafield tag="787" ind1="1" ind2=" ">
         <subfield code="o">islandora_article_repository</subfield>
      </datafield>
      <datafield tag="787" ind1="1" ind2=" ">
         <subfield code="o">product_pubag</subfield>
      </datafield>
      <datafield tag="787" ind1="1" ind2=" ">
         <subfield code="o">(Journal)23212</subfield>
      </datafield>
      <datafield tag="856" ind1="4" ind2="0">
         <subfield code="u">http://dx.doi.org/10.1016/j.gecco.2019.e00790</subfield>
         <subfield code="3">Available from publisher's site</subfield>
      </datafield>
      <datafield tag="912" ind1=" " ind2=" ">
         <subfield code="a">Article</subfield>
      </datafield>
      <datafield tag="914" ind1=" " ind2=" ">
         <subfield code="a">Journal:23212</subfield>
         <subfield code="b">2351-9894</subfield>
      </datafield>
      <datafield tag="914" ind1=" " ind2=" ">
         <subfield code="f">Global ecology and conservation</subfield>
      </datafield>
      <datafield tag="916" ind1=" " ind2=" ">
         <subfield code="a">Batch:2402</subfield>
      </datafield>
      <datafield tag="917" ind1=" " ind2=" ">
         <subfield code="a">issued</subfield>
      </datafield>
      <datafield tag="918" ind1="2" ind2=" ">
         <subfield code="a">Elsevier Consyn</subfield>
         <subfield code="e">provider</subfield>
         <subfield code="5">DNAL</subfield>
      </datafield>
      <datafield tag="935" ind1=" " ind2=" ">
         <subfield code="a">IND606699675</subfield>
         <subfield code="9">ExL</subfield>
      </datafield>
      <datafield tag="949" ind1=" " ind2=" ">
         <subfield code="a">2020-02-10</subfield>
      </datafield>
      <datafield tag="953" ind1=" " ind2=" ">
         <subfield code="a">/data/metadata/incoming/consyn/161057059234561326-00001-HEAD-ONLY-REVISEDSUBJECTLIST.zip</subfield>
      </datafield>
      <datafield tag="954" ind1=" " ind2=" ">
         <subfield code="a">file:/data/metadata/staging/consyn/S2351989419305748.xml</subfield>
      </datafield>
      <datafield tag="955" ind1=" " ind2=" ">
         <subfield code="a">/data/metadata/staging/consyn/</subfield>
      </datafield>
      <datafield tag="962" ind1=" " ind2=" ">
         <subfield code="a">Batch:2402 reviewed on 2020-02-10T07:00:04Z</subfield>
      </datafield>
      <datafield tag="974" ind1=" " ind2=" ">
         <subfield code="a">agid:6699675</subfield>
      </datafield>
      <datafield tag="983" ind1=" " ind2=" ">
         <subfield code="a">2019-09-23</subfield>
      </datafield>
      <datafield tag="984" ind1=" " ind2=" ">
         <subfield code="a">2020-10-08</subfield>
      </datafield>
   </record>