
   <!--Record: 126-->
   <record>
      <leader>05368nab a2200757 u 4500</leader>
      <controlfield tag="001">9915858521407426</controlfield>
      <controlfield tag="005">20221119101152.0</controlfield>
      <controlfield tag="008">210731e201910 xx |||||o|||||||||||eng||</controlfield>
      <datafield tag="016" ind1="7" ind2=" ">
         <subfield code="a">IND606657103</subfield>
         <subfield code="2">DNAL</subfield>
      </datafield>
      <datafield tag="024" ind1="7" ind2=" ">
         <subfield code="a">10.1007/s11240-019-01667-7</subfield>
         <subfield code="2">doi</subfield>
      </datafield>
      <datafield tag="035" ind1=" " ind2=" ">
         <subfield code="a">agid:6657103-01nal_inst</subfield>
      </datafield>
      <datafield tag="040" ind1=" " ind2=" ">
         <subfield code="a">AGL</subfield>
         <subfield code="b">eng</subfield>
         <subfield code="c">AGL</subfield>
      </datafield>
      <datafield tag="100" ind1="1" ind2=" ">
         <subfield code="a">Li, Chonghui</subfield>
         <subfield code="e">author</subfield>
         <subfield code="u">Tropical Crops Genetic Resources Institute, the Chinese Academy of Tropical
        Agricultural Sciences (CATAS)/Key Laboratory of Crop Gene Resources and Germplasm
        Enhancement in Southern China, Ministry of Agriculture, Haikou, 571101, China</subfield>
      </datafield>
      <datafield tag="245" ind1="1" ind2="0">
         <subfield code="a">Ectopic expression of the Anthurium andraeanum (Hort.) R2R3-MYB genes
        AaMYB4 and AaMYB5 enhance the flower color in transgenic tobacco</subfield>
      </datafield>
      <datafield tag="300" ind1=" " ind2=" ">
         <subfield code="a">p. 105-117.</subfield>
      </datafield>
      <datafield tag="520" ind1=" " ind2=" ">
         <subfield code="a">Anthocyanin coloration is crucially important for ornamental traits in
        Anthurium andraeanum. However, the molecular mechanisms responsible for anthocyanin
        accumulation in this important ornamental plant are poorly understood. Here, we isolated and
        functionally characterized two R2R3-MYB transcription factor genes AaMYB4 and AaMYB5 from A.
        andraeanum. Analysis of amino acid sequences indicate that both AaMYB4 and AaMYB5 share
        homology with the C1 subgroup R2R3-MYBs from monocots. AaMYB4 and AaMYB5 proved to be
        nucleus-localized proteins. Spatial and temporal expression analysis of AaMYB4 and AaMYB5
        suggested that AaMYB4 was mainly expressed in the spathe and young leaves, whereas AaMYB5
        was mainly expressed in the young leaves and the spadix. Although the expression patterns of
        AaMYB4 and AaMYB5 did not correlate with anthocyanin accumulation in the spathe and spadix
        of cultivar Vitara and Topical, they were positively correlated with anthocyanin
        concentration in the developing leaves of ‘Tropical’ and were coordinately expressed with
        key anthocyanin biosynthesis pathway genes. The ectopic expression of AaMYB4 and AaMYB5 in
        tobacco triggered the accumulation of anthocyanins in the corolla limbs of T₁ transgenic
        progeny, and induced the up-regulation of expression of the key enzyme genes in the
        anthocyanin biosynthesis pathway of tobacco. Overexpression of AaMYB5 in tobacco also
        markedly up-regulated the expression of the endogenous MYB regulator gene NtAn2 involved in
        anthocyanin biosynthesis. Our findings suggest that both AaMYB4 and AaMYB5 from A.
        andraeanum are involved in the regulation of anthocyanin biosynthesis and have potential
        value in the metabolic engineering of anthocyanin biosynthesis in plants.</subfield>
      </datafield>
      <datafield tag="592" ind1=" " ind2=" ">
         <subfield code="a">Publisher supplied data</subfield>
      </datafield>
      <datafield tag="593" ind1=" " ind2=" ">
         <subfield code="a">PubAg article</subfield>
      </datafield>
      <datafield tag="596" ind1=" " ind2=" ">
         <subfield code="a">2018CXTD344</subfield>
         <subfield code="c">Hainan Provincial Natural Science Foundation of China</subfield>
      </datafield>
      <datafield tag="596" ind1=" " ind2=" ">
         <subfield code="a">1630032017074</subfield>
         <subfield code="c">the Central Public-interest Scientific Institution Basal Research Fund for
        Chinese Academy of Tropical Agricultural Sciences</subfield>
      </datafield>
      <datafield tag="650" ind1=" " ind2="3">
         <subfield code="a">Anthurium andraeanum</subfield>
      </datafield>
      <datafield tag="650" ind1=" " ind2="3">
         <subfield code="a">amino acid sequences</subfield>
      </datafield>
      <datafield tag="650" ind1=" " ind2="3">
         <subfield code="a">anthocyanins</subfield>
      </datafield>
      <datafield tag="650" ind1=" " ind2="3">
         <subfield code="a">biosynthesis</subfield>
      </datafield>
      <datafield tag="650" ind1=" " ind2="3">
         <subfield code="a">color</subfield>
      </datafield>
      <datafield tag="650" ind1=" " ind2="3">
         <subfield code="a">corolla</subfield>
      </datafield>
      <datafield tag="650" ind1=" " ind2="3">
         <subfield code="a">cultivars</subfield>
      </datafield>
      <datafield tag="650" ind1=" " ind2="3">
         <subfield code="a">enzymes</subfield>
      </datafield>
      <datafield tag="650" ind1=" " ind2="3">
         <subfield code="a">flower color</subfield>
      </datafield>
      <datafield tag="650" ind1=" " ind2="3">
         <subfield code="a">gene expression regulation</subfield>
      </datafield>
      <datafield tag="650" ind1=" " ind2="3">
         <subfield code="a">gene overexpression</subfield>
      </datafield>
      <datafield tag="650" ind1=" " ind2="3">
         <subfield code="a">leaves</subfield>
      </datafield>
      <datafield tag="650" ind1=" " ind2="3">
         <subfield code="a">metabolic engineering</subfield>
      </datafield>
      <datafield tag="650" ind1=" " ind2="3">
         <subfield code="a">ornamental plants</subfield>
      </datafield>
      <datafield tag="650" ind1=" " ind2="3">
         <subfield code="a">ornamental value</subfield>
      </datafield>
      <datafield tag="650" ind1=" " ind2="3">
         <subfield code="a">progeny</subfield>
      </datafield>
      <datafield tag="650" ind1=" " ind2="3">
         <subfield code="a">regulator genes</subfield>
      </datafield>
      <datafield tag="650" ind1=" " ind2="3">
         <subfield code="a">spadix</subfield>
      </datafield>
      <datafield tag="650" ind1=" " ind2="3">
         <subfield code="a">spathes</subfield>
      </datafield>
      <datafield tag="650" ind1=" " ind2="3">
         <subfield code="a">tobacco</subfield>
      </datafield>
      <datafield tag="650" ind1=" " ind2="3">
         <subfield code="a">transcription factors</subfield>
      </datafield>
      <datafield tag="650" ind1=" " ind2="3">
         <subfield code="a">transgenic plants</subfield>
      </datafield>
      <datafield tag="700" ind1="1" ind2=" ">
         <subfield code="a">Qiu, Jian</subfield>
         <subfield code="e">author</subfield>
         <subfield code="u">Rubber Research Institute, CATAS/Key Laboratory of Biology and Genetic
        Resources of Rubber Tree, Ministry of Agriculture, Haikou, 571101, China</subfield>
      </datafield>
      <datafield tag="700" ind1="1" ind2=" ">
         <subfield code="a">Yang, Guangsui</subfield>
         <subfield code="e">author</subfield>
         <subfield code="u">Tropical Crops Genetic Resources Institute, the Chinese Academy of Tropical
        Agricultural Sciences (CATAS)/Key Laboratory of Crop Gene Resources and Germplasm
        Enhancement in Southern China, Ministry of Agriculture, Haikou, 571101, China</subfield>
      </datafield>
      <datafield tag="700" ind1="1" ind2=" ">
         <subfield code="a">Huang, Surong</subfield>
         <subfield code="e">author</subfield>
         <subfield code="u">Tropical Crops Genetic Resources Institute, the Chinese Academy of Tropical
        Agricultural Sciences (CATAS)/Key Laboratory of Crop Gene Resources and Germplasm
        Enhancement in Southern China, Ministry of Agriculture, Haikou, 571101, China</subfield>
      </datafield>
      <datafield tag="700" ind1="1" ind2=" ">
         <subfield code="a">Yin, Junmei</subfield>
         <subfield code="e">author</subfield>
         <subfield code="u">Haikou Experimental Station, Chinese Academy of Tropical Agricultural
        Sciences, Haikou, 571101, China. yinjunmei2011@sina.com</subfield>
         <subfield code="1">https://orcid.org/0000-0001-9988-2573</subfield>
      </datafield>
      <datafield tag="773" ind1="0" ind2=" ">
         <subfield code="t">Plant cell, tissue, and organ culture.</subfield>
         <subfield code="g">2019 Oct., v. 139, no. 1 p.105-117</subfield>
         <subfield code="d">Springer Netherlands</subfield>
         <subfield code="w">Journal:jnl33513</subfield>
         <subfield code="x">0167-6857</subfield>
         <subfield code="7">nnas</subfield>
      </datafield>
      <datafield tag="787" ind1="1" ind2=" ">
         <subfield code="o">islandora_article_repository</subfield>
      </datafield>
      <datafield tag="787" ind1="1" ind2=" ">
         <subfield code="o">product_pubag</subfield>
      </datafield>
      <datafield tag="787" ind1="1" ind2=" ">
         <subfield code="o">(Journal)jnl33513</subfield>
      </datafield>
      <datafield tag="856" ind1="4" ind2="0">
         <subfield code="u">https://dx.doi.org/10.1007/s11240-019-01667-7</subfield>
         <subfield code="3">Available from publisher's site</subfield>
      </datafield>
      <datafield tag="912" ind1=" " ind2=" ">
         <subfield code="a">Article</subfield>
      </datafield>
      <datafield tag="914" ind1=" " ind2=" ">
         <subfield code="a">Journal:jnl33513</subfield>
         <subfield code="b">0167-6857</subfield>
         <subfield code="c">139</subfield>
         <subfield code="d">1</subfield>
         <subfield code="e">105</subfield>
      </datafield>
      <datafield tag="914" ind1=" " ind2=" ">
         <subfield code="f">Plant cell, tissue, and organ culture</subfield>
      </datafield>
      <datafield tag="916" ind1=" " ind2=" ">
         <subfield code="a">Batch:2338</subfield>
      </datafield>
      <datafield tag="916" ind1=" " ind2=" ">
         <subfield code="a">Batch:2619</subfield>
      </datafield>
      <datafield tag="917" ind1=" " ind2=" ">
         <subfield code="a">issued</subfield>
      </datafield>
      <datafield tag="918" ind1="2" ind2=" ">
         <subfield code="a">Springer</subfield>
         <subfield code="e">provider</subfield>
         <subfield code="5">DNAL</subfield>
      </datafield>
      <datafield tag="935" ind1=" " ind2=" ">
         <subfield code="a">IND606657103</subfield>
         <subfield code="9">ExL</subfield>
      </datafield>
      <datafield tag="949" ind1=" " ind2=" ">
         <subfield code="a">2020-11-27</subfield>
      </datafield>
      <datafield tag="953" ind1=" " ind2=" ">
         <subfield code="a">/data/metadata/incoming/springer/ftp_PUB_21-07-31_06-17-21.zip</subfield>
      </datafield>
      <datafield tag="954" ind1=" " ind2=" ">
         <subfield code="a">file:/data/metadata/staging/springer/11240-139-1.xml</subfield>
      </datafield>
      <datafield tag="955" ind1=" " ind2=" ">
         <subfield code="a">/data/metadata/staging/springer/</subfield>
      </datafield>
      <datafield tag="974" ind1=" " ind2=" ">
         <subfield code="a">agid:6657103</subfield>
      </datafield>
      <datafield tag="983" ind1=" " ind2=" ">
         <subfield code="a">2021-07-31</subfield>
      </datafield>
      <datafield tag="984" ind1=" " ind2=" ">
         <subfield code="a">2021-07-31</subfield>
      </datafield>
   </record>