
   <!--Record: 127-->
   <record>
      <leader>05115nab a2200757 u 4500</leader>
      <controlfield tag="001">9915859105107426</controlfield>
      <controlfield tag="005">20221119103001.0</controlfield>
      <controlfield tag="008">201202e202010 xx |||||o|||||||||||eng||</controlfield>
      <datafield tag="016" ind1="7" ind2=" ">
         <subfield code="a">IND607076170</subfield>
         <subfield code="2">DNAL</subfield>
      </datafield>
      <datafield tag="024" ind1="7" ind2=" ">
         <subfield code="a">10.1016/j.dendro.2020.125747</subfield>
         <subfield code="2">chorus</subfield>
      </datafield>
      <datafield tag="024" ind1="7" ind2=" ">
         <subfield code="a">10.1016/j.dendro.2020.125747</subfield>
         <subfield code="2">doi</subfield>
      </datafield>
      <datafield tag="035" ind1=" " ind2=" ">
         <subfield code="a">agid:7076170-01nal_inst</subfield>
      </datafield>
      <datafield tag="040" ind1=" " ind2=" ">
         <subfield code="a">AGL</subfield>
         <subfield code="b">eng</subfield>
         <subfield code="c">AGL</subfield>
      </datafield>
      <datafield tag="100" ind1="1" ind2=" ">
         <subfield code="a">Copenheaver, Carolyn A.</subfield>
         <subfield code="e">author</subfield>
         <subfield code="u">Department of Forest Resources and Environmental Conservation, Virginia
        Tech, Blacksburg, VA, 24060, USA</subfield>
      </datafield>
      <datafield tag="245" ind1="1" ind2="0">
         <subfield code="a">Dendroclimatology of sugar maple (Acer saccharum): Climate-growth response
        in a late-successional species</subfield>
      </datafield>
      <datafield tag="500" ind1=" " ind2=" ">
         <subfield code="a">NAL-light</subfield>
      </datafield>
      <datafield tag="506" ind1=" " ind2=" ">
         <subfield code="a">Resource is Open Access</subfield>
         <subfield code="u">http://purl.org/eprint/accessRights/OpenAccess</subfield>
         <subfield code="f">Unrestricted online access</subfield>
         <subfield code="2">star</subfield>
      </datafield>
      <datafield tag="506" ind1=" " ind2=" ">
         <subfield code="a">CHORUS License Information</subfield>
         <subfield code="f">Unrestricted online access</subfield>
         <subfield code="2">star</subfield>
      </datafield>
      <datafield tag="520" ind1=" " ind2=" ">
         <subfield code="a">Sugar maple (Acer saccharum) is a shade-tolerant, late successional
        dominant species in the North American eastern deciduous forest. The objective of this study
        was to quantify the relationship between climate and radial growth in sugar maple and to
        identify spatial and temporal patterns in dendroclimatic response. We used a combination of
        archived sugar maple tree-ring chronologies and newly sampled sites to calculate
        dendroclimatic response of sugar maple at 13 sites in the United States and Canada. At all
        sites, sugar maple growth was significantly correlated to monthly temperature,
        precipitation, or Palmer Drought Severity Index. However, there were no generalizable
        patterns in sugar maple’s growth response to climate. Individual sites had unique
        dendroclimatic responses with respect to: a) which climatic variables were correlated to
        radial growth; b) what months had significant correlations between climate and radial
        growth; and c) what years had significant correlations between climate and radial growth.
        The individualistic dendroclimatic response of sugar maple appears to reflect a plastic
        response of the species to changes in climate perhaps related to its status as a strong
        competitor in late-successional forests. This ability to survive a wide range of
        environmental conditions may bode well for the species persistence under variable future
        climatic conditions. It also points to the need for more research on late-successional
        species in examining forest response to potential climate change scenarios because these
        species may be more resilient than early-successional species.</subfield>
      </datafield>
      <datafield tag="592" ind1=" " ind2=" ">
         <subfield code="a">Publisher supplied data</subfield>
      </datafield>
      <datafield tag="593" ind1=" " ind2=" ">
         <subfield code="a">PubAg article</subfield>
      </datafield>
      <datafield tag="596" ind1=" " ind2=" ">
         <subfield code="c">USDA</subfield>
         <subfield code="d">https://doi.org/10.13039/100000199</subfield>
      </datafield>
      <datafield tag="650" ind1=" " ind2="3">
         <subfield code="a">Acer saccharum subsp. saccharum</subfield>
      </datafield>
      <datafield tag="650" ind1=" " ind2="3">
         <subfield code="a">climate change</subfield>
      </datafield>
      <datafield tag="650" ind1=" " ind2="3">
         <subfield code="a">climatic factors</subfield>
      </datafield>
      <datafield tag="650" ind1=" " ind2="3">
         <subfield code="a">correlation</subfield>
      </datafield>
      <datafield tag="650" ind1=" " ind2="3">
         <subfield code="a">deciduous forests</subfield>
      </datafield>
      <datafield tag="650" ind1=" " ind2="3">
         <subfield code="a">dendroclimatology</subfield>
      </datafield>
      <datafield tag="650" ind1=" " ind2="3">
         <subfield code="a">dominant species</subfield>
      </datafield>
      <datafield tag="650" ind1=" " ind2="3">
         <subfield code="a">drought</subfield>
      </datafield>
      <datafield tag="650" ind1=" " ind2="3">
         <subfield code="a">plastics</subfield>
      </datafield>
      <datafield tag="650" ind1=" " ind2="3">
         <subfield code="a">research</subfield>
      </datafield>
      <datafield tag="650" ind1=" " ind2="3">
         <subfield code="a">shade tolerance</subfield>
      </datafield>
      <datafield tag="650" ind1=" " ind2="3">
         <subfield code="a">temperature</subfield>
      </datafield>
      <datafield tag="651" ind1=" " ind2="3">
         <subfield code="a">Canada</subfield>
      </datafield>
      <datafield tag="651" ind1=" " ind2="3">
         <subfield code="a">United States</subfield>
      </datafield>
      <datafield tag="653" ind1=" " ind2="0">
         <subfield code="a">Sugar maple</subfield>
      </datafield>
      <datafield tag="653" ind1=" " ind2="0">
         <subfield code="a">Dendrochronology</subfield>
      </datafield>
      <datafield tag="653" ind1=" " ind2="0">
         <subfield code="a">Tree-rings</subfield>
      </datafield>
      <datafield tag="653" ind1=" " ind2="0">
         <subfield code="a">Climate-growth response</subfield>
      </datafield>
      <datafield tag="700" ind1="1" ind2=" ">
         <subfield code="a">Shumaker, Ketia L.</subfield>
         <subfield code="e">author</subfield>
         <subfield code="u">Department of Biological and Environmental Sciences, University of West
        Alabama, Livingston, AL, 35470, USA</subfield>
      </datafield>
      <datafield tag="700" ind1="1" ind2=" ">
         <subfield code="a">Butcher, Brittany M.</subfield>
         <subfield code="e">author</subfield>
         <subfield code="u">Department of Biological and Environmental Sciences, University of West
        Alabama, Livingston, AL, 35470, USA</subfield>
      </datafield>
      <datafield tag="700" ind1="1" ind2=" ">
         <subfield code="a">Hahn, George E.</subfield>
         <subfield code="e">author</subfield>
         <subfield code="u">Department of Forest Resources and Environmental Conservation, Virginia
        Tech, Blacksburg, VA, 24060, USA</subfield>
      </datafield>
      <datafield tag="700" ind1="1" ind2=" ">
         <subfield code="a">Perkins, La’ Portia J.</subfield>
         <subfield code="e">author</subfield>
         <subfield code="u">Department of Forest Resources and Environmental Conservation, Virginia
        Tech, Blacksburg, VA, 24060, USA</subfield>
      </datafield>
      <datafield tag="700" ind1="1" ind2=" ">
         <subfield code="a">Dukes, Christopher J.</subfield>
         <subfield code="e">author</subfield>
         <subfield code="u">Department of Forest Resources and Environmental Conservation, Virginia
        Tech, Blacksburg, VA, 24060, USA</subfield>
      </datafield>
      <datafield tag="700" ind1="1" ind2=" ">
         <subfield code="a">Thompson, Emma G.</subfield>
         <subfield code="e">author</subfield>
         <subfield code="u">Department of Forest Resources and Environmental Conservation, Virginia
        Tech, Blacksburg, VA, 24060, USA</subfield>
      </datafield>
      <datafield tag="700" ind1="1" ind2=" ">
         <subfield code="a">Pisaric, Michael F.J.</subfield>
         <subfield code="e">author</subfield>
         <subfield code="u">Department of Geography and Tourism Studies, Brock University, St.
        Catharines, ON, L2S 3A1, Canada</subfield>
      </datafield>
      <datafield tag="773" ind1="0" ind2=" ">
         <subfield code="t">Dendrochronologia.</subfield>
         <subfield code="g">2020 Oct., v. 63 p.125747-</subfield>
         <subfield code="d">Elsevier GmbH</subfield>
         <subfield code="w">Journal:jnl71157</subfield>
         <subfield code="x">1125-7865</subfield>
         <subfield code="7">nnas</subfield>
      </datafield>
      <datafield tag="787" ind1="1" ind2=" ">
         <subfield code="o">islandora_article_repository</subfield>
      </datafield>
      <datafield tag="787" ind1="1" ind2=" ">
         <subfield code="o">product_pubag</subfield>
      </datafield>
      <datafield tag="787" ind1="1" ind2=" ">
         <subfield code="o">(Journal)jnl71157</subfield>
      </datafield>
      <datafield tag="856" ind1="4" ind2="0">
         <subfield code="u">https://dx.doi.org/10.1016/j.dendro.2020.125747</subfield>
         <subfield code="3">Available from publisher's site</subfield>
      </datafield>
      <datafield tag="912" ind1=" " ind2=" ">
         <subfield code="a">Article</subfield>
      </datafield>
      <datafield tag="914" ind1=" " ind2=" ">
         <subfield code="a">Journal:jnl71157</subfield>
         <subfield code="b">1125-7865</subfield>
         <subfield code="e">125747</subfield>
      </datafield>
      <datafield tag="914" ind1=" " ind2=" ">
         <subfield code="f">Dendrochronologia</subfield>
      </datafield>
      <datafield tag="916" ind1=" " ind2=" ">
         <subfield code="a">Batch:2635</subfield>
      </datafield>
      <datafield tag="917" ind1=" " ind2=" ">
         <subfield code="a">issued</subfield>
      </datafield>
      <datafield tag="918" ind1="2" ind2=" ">
         <subfield code="a">Elsevier Consyn</subfield>
         <subfield code="e">provider</subfield>
         <subfield code="5">DNAL</subfield>
      </datafield>
      <datafield tag="935" ind1=" " ind2=" ">
         <subfield code="a">IND607076170</subfield>
         <subfield code="9">ExL</subfield>
      </datafield>
      <datafield tag="949" ind1=" " ind2=" ">
         <subfield code="a">2021-02-22</subfield>
      </datafield>
      <datafield tag="953" ind1=" " ind2=" ">
         <subfield code="a">/data/metadata/incoming/consyn/145045926280691447-00004-HEAD-ONLY-NEW
        CONSYN ISSNS.ZIP</subfield>
      </datafield>
      <datafield tag="954" ind1=" " ind2=" ">
         <subfield code="a">file:/data/metadata/staging/consyn/S1125786520300862.xml</subfield>
      </datafield>
      <datafield tag="955" ind1=" " ind2=" ">
         <subfield code="a">/data/metadata/staging/consyn/</subfield>
      </datafield>
      <datafield tag="974" ind1=" " ind2=" ">
         <subfield code="a">agid:7076170</subfield>
      </datafield>
      <datafield tag="983" ind1=" " ind2=" ">
         <subfield code="a">2020-12-02</subfield>
      </datafield>
      <datafield tag="984" ind1=" " ind2=" ">
         <subfield code="a">2022-09-06</subfield>
      </datafield>
   </record>