
   <!--Record: 128-->
   <record>
      <leader>03706nab a2200541 u 4500</leader>
      <controlfield tag="001">9915859347007426</controlfield>
      <controlfield tag="005">20221119103157.0</controlfield>
      <controlfield tag="008">150212e201403 xx |||||o|||||||||||eng||</controlfield>
      <datafield tag="016" ind1="7" ind2=" ">
         <subfield code="a">IND500723914</subfield>
         <subfield code="2">DNAL</subfield>
      </datafield>
      <datafield tag="024" ind1="7" ind2=" ">
         <subfield code="a">10.1007/s10530-013-0602-0</subfield>
         <subfield code="2">doi</subfield>
      </datafield>
      <datafield tag="035" ind1=" " ind2=" ">
         <subfield code="a">agid:375140-01nal_inst</subfield>
      </datafield>
      <datafield tag="040" ind1=" " ind2=" ">
         <subfield code="a">AGL</subfield>
         <subfield code="b">eng</subfield>
         <subfield code="c">AGL</subfield>
      </datafield>
      <datafield tag="100" ind1="1" ind2=" ">
         <subfield code="a">Donaldson, Jason E.</subfield>
         <subfield code="e">author</subfield>
         <subfield code="u">Department of Botany and Zoology, Centre for Invasion Biology, Stellenbosch
        University, Matieland, 7602, South Africa, jubatusdnl@gmail.com</subfield>
      </datafield>
      <datafield tag="245" ind1="1" ind2="0">
         <subfield code="a">Scale-area curves: a tool for understanding the ecology and distribution of
        invasive tree species</subfield>
      </datafield>
      <datafield tag="300" ind1=" " ind2=" ">
         <subfield code="a">p. 553-563.</subfield>
      </datafield>
      <datafield tag="520" ind1=" " ind2=" ">
         <subfield code="a">Scale-area curves are increasingly used in ecology to predict population
        trajectories, based on the assumption that observed patterns are indicative of population
        dynamics. However, for introduced species, scale-area curves might be strongly influenced by
        introduction history. We examined the spatial structure of an invasive tree species (Acacia
        elata; Fabaceae) introduced to South Africa as an ornamental plant and compared our findings
        with previous work done on a species introduced for dune stabilization (A. longifolia). A
        fractal sampling method was used to map the occupancy of A. elata at twelve spatial scales
        for ten quarter-degree grid cells throughout South Africa. Based on the fractal dimension (D
        ᵢⱼ) calculated at different spatial scales we found that populations were more contiguous at
        plot (2.5–25 m) and regional scales (2.5–25 km) than at local and landscape scales
        (0.025–2.5 km). We argue that the lack of contiguous A. elata populations over 250 m to
        2.5 km is not indicative of a low risk, but the result of the spatial structure of available
        land in suburban environments. When working with introduced species, scale-area curves
        representing fragmented populations at the edge of invasions should not be considered to
        indicate a lack of invasive spread/threat. Rather they can be used to identify “missing
        links” in the invasive introduction-naturalization-invasion continuum, but only if the
        life-history traits, introduction history, and area suitable for invasion are well
        understood and are used in interpreting the results. We suggest that their greatest value
        will lie in their use as a method for long-term monitoring of introduced species.</subfield>
      </datafield>
      <datafield tag="592" ind1=" " ind2=" ">
         <subfield code="a">Publisher supplied data</subfield>
      </datafield>
      <datafield tag="593" ind1=" " ind2=" ">
         <subfield code="a">PubAg article</subfield>
      </datafield>
      <datafield tag="650" ind1=" " ind2="3">
         <subfield code="a">Acacia</subfield>
      </datafield>
      <datafield tag="650" ind1=" " ind2="3">
         <subfield code="a">introduced species</subfield>
      </datafield>
      <datafield tag="650" ind1=" " ind2="3">
         <subfield code="a">invasive species</subfield>
      </datafield>
      <datafield tag="650" ind1=" " ind2="3">
         <subfield code="a">monitoring</subfield>
      </datafield>
      <datafield tag="650" ind1=" " ind2="3">
         <subfield code="a">ornamental plants</subfield>
      </datafield>
      <datafield tag="650" ind1=" " ind2="3">
         <subfield code="a">population dynamics</subfield>
      </datafield>
      <datafield tag="650" ind1=" " ind2="3">
         <subfield code="a">risk</subfield>
      </datafield>
      <datafield tag="651" ind1=" " ind2="3">
         <subfield code="a">South Africa</subfield>
      </datafield>
      <datafield tag="700" ind1="1" ind2=" ">
         <subfield code="a">Richardson, David M.</subfield>
         <subfield code="e">author</subfield>
      </datafield>
      <datafield tag="700" ind1="1" ind2=" ">
         <subfield code="a">Wilson, John R. U.</subfield>
         <subfield code="e">author</subfield>
      </datafield>
      <datafield tag="773" ind1="0" ind2=" ">
         <subfield code="t">Biological invasions.</subfield>
         <subfield code="g">2014 Mar., v. 16, no. 3 p.553-563</subfield>
         <subfield code="d">Springer-Verlag</subfield>
         <subfield code="x">1387-3547</subfield>
         <subfield code="7">nnas</subfield>
      </datafield>
      <datafield tag="787" ind1="1" ind2=" ">
         <subfield code="o">islandora_article_repository</subfield>
      </datafield>
      <datafield tag="787" ind1="1" ind2=" ">
         <subfield code="o">product_pubag</subfield>
      </datafield>
      <datafield tag="787" ind1="1" ind2=" ">
         <subfield code="o">(Journal)jnl66237</subfield>
      </datafield>
      <datafield tag="856" ind1="4" ind2="0">
         <subfield code="u">http://dx.doi.org/10.1007/s10530-013-0602-0</subfield>
         <subfield code="3">Available from publisher's site</subfield>
      </datafield>
      <datafield tag="912" ind1=" " ind2=" ">
         <subfield code="a">Article</subfield>
      </datafield>
      <datafield tag="914" ind1=" " ind2=" ">
         <subfield code="a">Journal:jnl66237</subfield>
         <subfield code="b">1387-3547</subfield>
         <subfield code="c">16</subfield>
         <subfield code="d">3</subfield>
         <subfield code="e">553</subfield>
      </datafield>
      <datafield tag="914" ind1=" " ind2=" ">
         <subfield code="f">Biological invasions</subfield>
      </datafield>
      <datafield tag="917" ind1=" " ind2=" ">
         <subfield code="a">issued</subfield>
      </datafield>
      <datafield tag="918" ind1="2" ind2=" ">
         <subfield code="a">Springer</subfield>
         <subfield code="e">provider</subfield>
         <subfield code="5">DNAL</subfield>
      </datafield>
      <datafield tag="935" ind1=" " ind2=" ">
         <subfield code="a">IND500723914</subfield>
         <subfield code="9">ExL</subfield>
      </datafield>
      <datafield tag="949" ind1=" " ind2=" ">
         <subfield code="a">2014-07-22</subfield>
      </datafield>
      <datafield tag="953" ind1=" " ind2=" ">
         <subfield code="a">ftp_PUB_14-01-29_05-56-37.zip</subfield>
      </datafield>
      <datafield tag="962" ind1=" " ind2=" ">
         <subfield code="a">Journal title changed from 'Biol Invasions'</subfield>
      </datafield>
      <datafield tag="962" ind1=" " ind2=" ">
         <subfield code="a">Batch:575 annotated on 2014-06-11T07:22:37Z</subfield>
      </datafield>
      <datafield tag="962" ind1=" " ind2=" ">
         <subfield code="a">Batch:575 reviewed on 2014-07-22T08:52:51Z</subfield>
      </datafield>
      <datafield tag="962" ind1=" " ind2=" ">
         <subfield code="a">Batch:575 reviewed on 2014-07-22T09:42:08Z</subfield>
      </datafield>
      <datafield tag="974" ind1=" " ind2=" ">
         <subfield code="a">agid:375140</subfield>
      </datafield>
      <datafield tag="983" ind1=" " ind2=" ">
         <subfield code="a">2015-02-12</subfield>
      </datafield>
      <datafield tag="984" ind1=" " ind2=" ">
         <subfield code="a">2015-02-12</subfield>
      </datafield>
   </record>