
   <!--Record: 129-->
   <record>
      <leader>05112nab a2200769 u 4500</leader>
      <controlfield tag="001">9915859538707426</controlfield>
      <controlfield tag="005">20221119055409.0</controlfield>
      <controlfield tag="008">171005e20160915xx |||||o|||||||||||eng||</controlfield>
      <datafield tag="016" ind1="7" ind2=" ">
         <subfield code="a">IND605810543</subfield>
         <subfield code="2">DNAL</subfield>
      </datafield>
      <datafield tag="024" ind1="7" ind2=" ">
         <subfield code="a">10.1016/j.geomorph.2016.06.028</subfield>
         <subfield code="2">doi</subfield>
      </datafield>
      <datafield tag="035" ind1=" " ind2=" ">
         <subfield code="a">agid:5810543-01nal_inst</subfield>
      </datafield>
      <datafield tag="040" ind1=" " ind2=" ">
         <subfield code="a">AGL</subfield>
         <subfield code="b">eng</subfield>
         <subfield code="c">AGL</subfield>
      </datafield>
      <datafield tag="100" ind1="1" ind2=" ">
         <subfield code="a">Zaginaev, V.</subfield>
         <subfield code="e">author</subfield>
         <subfield code="u">Institute of Water Problems and Hydropower, National Academy of Science,
        Bishkek, Kyrgyzstan</subfield>
      </datafield>
      <datafield tag="245" ind1="1" ind2="0">
         <subfield code="a">Reconstruction of glacial lake outburst floods in northern Tien Shan:
        Implications for hazard assessment</subfield>
      </datafield>
      <datafield tag="300" ind1=" " ind2=" ">
         <subfield code="a">p. 75-84.</subfield>
      </datafield>
      <datafield tag="500" ind1=" " ind2=" ">
         <subfield code="a">2019-12-06</subfield>
      </datafield>
      <datafield tag="520" ind1=" " ind2=" ">
         <subfield code="a">Glacier lake outburst floods (GLOFs) and related debris flows are among the
        most significant natural threats in the Tien Shan Mountains of Kyrgyzstan and have even
        caused the loss of life and damage to infrastructure in its capital Bishkek. An improved
        understanding of the occurrence of this process is essential so as to be able to design
        reliable disaster risk reduction strategies, even more so in view of ongoing climate change
        and scenarios of future evolutions. Here, we apply a dendrogeomorphic approach to
        reconstruct past debris-flow activity on the Aksay cone (Ala-Archa valley, Kyrgyz range),
        where outbursting glacier lakes and intense rainfalls have triggered huge debris flows over
        the past decades.A total of 96 Picea abies (L.) Karst. trees growing on the cone and along
        the main channel have been selected based on the evidence of past debris-flow damage in
        their trunks; these trees were then sampled using increment borers. The dating of past
        events was based on the assessment of growth disturbances (GD) in the tree-ring records and
        included the detection of injuries, tangential rows of traumatic resin ducts, reaction wood,
        and abrupt growth changes. In total, 320 GD were identified in the tree-ring samples. In
        combination with aerial imagery and geomorphic recognition in the field, reactions in trees
        and their position on the cone have allowed reconstruction of the main spatial patterns of
        past events on the Aksay cone.Our findings suggest that at least 27 debris flows have
        occurred on the site between 1877 and 2015 and point to the occurrence of at least 17 events
        that were not documented prior to this study. We also observe high process activity during
        the 1950s and 1960s, with major events on the cone in 1950, 1966, and 1968, coinciding with
        phases of slight glacier advance. The spatial analyses of events also point to two different
        spatial patterns, suggesting that quite dissimilar magnitudes probably occurred during
        glacier lake outburst floods and rainfall-induced debris-flow events. The results presented
        here represent the longest, annually resolved GLOF series in the region, which in turn has
        key implications on risk assessment, not just in the Ala-Archa valley, but also in the
        entire Kyrgyz range (northern Tien Shan).</subfield>
      </datafield>
      <datafield tag="592" ind1=" " ind2=" ">
         <subfield code="a">Publisher supplied data</subfield>
      </datafield>
      <datafield tag="593" ind1=" " ind2=" ">
         <subfield code="a">PubAg article</subfield>
      </datafield>
      <datafield tag="650" ind1=" " ind2="3">
         <subfield code="a">growth rings</subfield>
      </datafield>
      <datafield tag="650" ind1=" " ind2="3">
         <subfield code="a">reaction wood</subfield>
      </datafield>
      <datafield tag="650" ind1=" " ind2="3">
         <subfield code="a">hazard characterization</subfield>
      </datafield>
      <datafield tag="650" ind1=" " ind2="3">
         <subfield code="a">lakes</subfield>
      </datafield>
      <datafield tag="650" ind1=" " ind2="3">
         <subfield code="a">infrastructure</subfield>
      </datafield>
      <datafield tag="650" ind1=" " ind2="3">
         <subfield code="a">floods</subfield>
      </datafield>
      <datafield tag="650" ind1=" " ind2="3">
         <subfield code="a">glaciers</subfield>
      </datafield>
      <datafield tag="650" ind1=" " ind2="3">
         <subfield code="a">mountains</subfield>
      </datafield>
      <datafield tag="650" ind1=" " ind2="3">
         <subfield code="a">Picea abies</subfield>
      </datafield>
      <datafield tag="650" ind1=" " ind2="3">
         <subfield code="a">climate change</subfield>
      </datafield>
      <datafield tag="650" ind1=" " ind2="3">
         <subfield code="a">trees</subfield>
      </datafield>
      <datafield tag="650" ind1=" " ind2="3">
         <subfield code="a">resin canals</subfield>
      </datafield>
      <datafield tag="650" ind1=" " ind2="3">
         <subfield code="a">mass movement</subfield>
      </datafield>
      <datafield tag="650" ind1=" " ind2="3">
         <subfield code="a">remote sensing</subfield>
      </datafield>
      <datafield tag="650" ind1=" " ind2="3">
         <subfield code="a">risk reduction</subfield>
      </datafield>
      <datafield tag="651" ind1=" " ind2="3">
         <subfield code="a">Kyrgyzstan</subfield>
      </datafield>
      <datafield tag="651" ind1=" " ind2="0">
         <subfield code="a">Kyrgyzstan</subfield>
      </datafield>
      <datafield tag="653" ind1=" " ind2="0">
         <subfield code="a">Aksay</subfield>
      </datafield>
      <datafield tag="653" ind1=" " ind2="0">
         <subfield code="a">Dendrogeomorphology</subfield>
      </datafield>
      <datafield tag="653" ind1=" " ind2="0">
         <subfield code="a">Debris flow</subfield>
      </datafield>
      <datafield tag="653" ind1=" " ind2="0">
         <subfield code="a">Glacier</subfield>
      </datafield>
      <datafield tag="653" ind1=" " ind2="0">
         <subfield code="a">Tree rings</subfield>
      </datafield>
      <datafield tag="653" ind1=" " ind2="0">
         <subfield code="a">records</subfield>
      </datafield>
      <datafield tag="653" ind1=" " ind2="0">
         <subfield code="a">GLOF</subfield>
      </datafield>
      <datafield tag="653" ind1=" " ind2="0">
         <subfield code="a">Kyrgyz range</subfield>
      </datafield>
      <datafield tag="700" ind1="1" ind2=" ">
         <subfield code="a">Ballesteros-Cánovas, J.A.</subfield>
         <subfield code="e">author</subfield>
         <subfield code="u">Dendrolab.ch, Institute of Geological Sciences, University of Berne,
        CH-3012 Berne, Switzerland</subfield>
      </datafield>
      <datafield tag="700" ind1="1" ind2=" ">
         <subfield code="a">Erokhin, S.</subfield>
         <subfield code="e">author</subfield>
         <subfield code="u">Institute of Water Problems and Hydropower, National Academy of Science,
        Bishkek, Kyrgyzstan</subfield>
      </datafield>
      <datafield tag="700" ind1="1" ind2=" ">
         <subfield code="a">Matov, E.</subfield>
         <subfield code="e">author</subfield>
         <subfield code="u">Institute of Water Problems and Hydropower, National Academy of Science,
        Bishkek, Kyrgyzstan</subfield>
      </datafield>
      <datafield tag="700" ind1="1" ind2=" ">
         <subfield code="a">Petrakov, D.</subfield>
         <subfield code="e">author</subfield>
         <subfield code="u">Faculty of Geography, Lomonosov Moscow State University, Moscow,
        Russia</subfield>
      </datafield>
      <datafield tag="700" ind1="1" ind2=" ">
         <subfield code="a">Stoffel, M.</subfield>
         <subfield code="e">author</subfield>
         <subfield code="u">Dendrolab.ch, Institute of Geological Sciences, University of Berne,
        CH-3012 Berne, Switzerland</subfield>
         <subfield code="1">https://orcid.org/0000-0003-0816-1303</subfield>
      </datafield>
      <datafield tag="773" ind1="0" ind2=" ">
         <subfield code="t">Geomorphology.</subfield>
         <subfield code="g">2016 Sept. 15, v. 269 p.75-84</subfield>
         <subfield code="d">Elsevier B.V.</subfield>
         <subfield code="x">0169-555X</subfield>
         <subfield code="7">nnas</subfield>
      </datafield>
      <datafield tag="787" ind1="1" ind2=" ">
         <subfield code="o">islandora_article_repository</subfield>
      </datafield>
      <datafield tag="787" ind1="1" ind2=" ">
         <subfield code="o">product_pubag</subfield>
      </datafield>
      <datafield tag="787" ind1="1" ind2=" ">
         <subfield code="o">(Journal)12407</subfield>
      </datafield>
      <datafield tag="856" ind1="4" ind2="0">
         <subfield code="u">http://dx.doi.org/10.1016/j.geomorph.2016.06.028</subfield>
         <subfield code="3">Available from publisher's site</subfield>
      </datafield>
      <datafield tag="912" ind1=" " ind2=" ">
         <subfield code="a">Article</subfield>
      </datafield>
      <datafield tag="914" ind1=" " ind2=" ">
         <subfield code="a">Journal:12407</subfield>
         <subfield code="b">0169-555X</subfield>
         <subfield code="c">269</subfield>
         <subfield code="e">75</subfield>
      </datafield>
      <datafield tag="914" ind1=" " ind2=" ">
         <subfield code="f">Geomorphology</subfield>
      </datafield>
      <datafield tag="916" ind1=" " ind2=" ">
         <subfield code="a">Batch:1851</subfield>
      </datafield>
      <datafield tag="917" ind1=" " ind2=" ">
         <subfield code="a">issued</subfield>
      </datafield>
      <datafield tag="918" ind1="2" ind2=" ">
         <subfield code="a">Elsevier Consyn</subfield>
         <subfield code="e">provider</subfield>
         <subfield code="5">DNAL</subfield>
      </datafield>
      <datafield tag="935" ind1=" " ind2=" ">
         <subfield code="a">IND605810543</subfield>
         <subfield code="9">ExL</subfield>
      </datafield>
      <datafield tag="949" ind1=" " ind2=" ">
         <subfield code="a">2017-11-02</subfield>
      </datafield>
      <datafield tag="953" ind1=" " ind2=" ">
         <subfield code="a">1063-00003-HEAD-ONLY-COLL_DEV_SELECTED_SUBJECTS.zip</subfield>
      </datafield>
      <datafield tag="962" ind1=" " ind2=" ">
         <subfield code="a">Batch:1851 reviewed on 2017-11-02T12:00:02Z</subfield>
      </datafield>
      <datafield tag="974" ind1=" " ind2=" ">
         <subfield code="a">agid:5810543</subfield>
      </datafield>
      <datafield tag="983" ind1=" " ind2=" ">
         <subfield code="a">2017-10-05</subfield>
      </datafield>
      <datafield tag="984" ind1=" " ind2=" ">
         <subfield code="a">2017-11-02</subfield>
      </datafield>
   </record>