
   <!--Record: 130-->
   <record>
      <leader>03897nab a2200841 u 4500</leader>
      <controlfield tag="001">9915859675307426</controlfield>
      <controlfield tag="005">20221119055357.0</controlfield>
      <controlfield tag="008">080826s2007 xx |||||o|||||||||||eng||</controlfield>
      <datafield tag="016" ind1="7" ind2=" ">
         <subfield code="a">IND44094694</subfield>
         <subfield code="2">DNAL</subfield>
      </datafield>
      <datafield tag="024" ind1="7" ind2=" ">
         <subfield code="a">10.4996/fireecology.0302053</subfield>
         <subfield code="2">doi</subfield>
      </datafield>
      <datafield tag="035" ind1=" " ind2=" ">
         <subfield code="a">agid:735896-01nal_inst</subfield>
      </datafield>
      <datafield tag="040" ind1=" " ind2=" ">
         <subfield code="a">AGL</subfield>
         <subfield code="b">eng</subfield>
         <subfield code="c">AGL</subfield>
      </datafield>
      <datafield tag="072" ind1=" " ind2="0">
         <subfield code="a">K810</subfield>
      </datafield>
      <datafield tag="072" ind1=" " ind2="0">
         <subfield code="a">K250</subfield>
      </datafield>
      <datafield tag="072" ind1=" " ind2="0">
         <subfield code="a">P300</subfield>
      </datafield>
      <datafield tag="100" ind1="1" ind2=" ">
         <subfield code="a">Collins, Brandon M.</subfield>
      </datafield>
      <datafield tag="245" ind1="1" ind2="0">
         <subfield code="a">Fire Scarring Patterns in Sierra Nevada Wilderness Areas Burned by Multiple
        Wildland Fire Use Fires</subfield>
      </datafield>
      <datafield tag="300" ind1=" " ind2=" ">
         <subfield code="a">p. 53-67.</subfield>
      </datafield>
      <datafield tag="500" ind1=" " ind2=" ">
         <subfield code="a">In the special issue: Wildland fire use.</subfield>
      </datafield>
      <datafield tag="500" ind1=" " ind2=" ">
         <subfield code="a">Includes references</subfield>
      </datafield>
      <datafield tag="500" ind1=" " ind2=" ">
         <subfield code="a">2019-12-06</subfield>
      </datafield>
      <datafield tag="520" ind1=" " ind2=" ">
         <subfield code="a">Uncertainty associated with fire-scar reconstructions of historical fire
        occurrence has led to questioning both estimates of frequency derived from these methods and
        the inferences on fire regimes drawn from these estimates. Using information from multiple,
        naturally-occurring fires (referred to as wildland fire use (WFU) fires) in two Sierra
        Nevada wilderness areas, we identified forest structural, topographic, and fire
        characteristics influencing fire scarring in trees and conducted direct comparisons of
        fire-scar reconstructed fire extent and frequency to fire atlas-based estimates of fire
        extent and frequency. The most important factor influencing the probability of sampled Pinus
        jeffreyi trees scarring from WFU fires was the length of time since previous fire. When
        intervals between successive fires are short, probabilities of scarring were low. Tree basal
        area and aspect were also significant factors explaining observed pattern of tree scarring.
        In all WFU fires but one, the reconstructed extent of fires was substantially smaller than
        the fire atlas extent. As a result, fire-scar reconstructed estimates of fire rotation were
        much longer than fire atlas fire rotation. This information can provide some necessary
        insight in interpreting and accounting for uncertainty in fire-scar reconstructions for
        drier low- to mid-elevation forest types throughout the western United States.</subfield>
      </datafield>
      <datafield tag="593" ind1=" " ind2=" ">
         <subfield code="a">PubAg article</subfield>
      </datafield>
      <datafield tag="650" ind1=" " ind2="3">
         <subfield code="a">fire regime</subfield>
      </datafield>
      <datafield tag="650" ind1=" " ind2="3">
         <subfield code="a">remote sensing</subfield>
      </datafield>
      <datafield tag="650" ind1=" " ind2="3">
         <subfield code="a">dendrochronology</subfield>
      </datafield>
      <datafield tag="650" ind1=" " ind2="3">
         <subfield code="a">stand structure</subfield>
      </datafield>
      <datafield tag="650" ind1=" " ind2="3">
         <subfield code="a">history</subfield>
      </datafield>
      <datafield tag="650" ind1=" " ind2="3">
         <subfield code="a">topography</subfield>
      </datafield>
      <datafield tag="650" ind1=" " ind2="3">
         <subfield code="a">coniferous forests</subfield>
      </datafield>
      <datafield tag="650" ind1=" " ind2="3">
         <subfield code="a">fire intensity</subfield>
      </datafield>
      <datafield tag="650" ind1=" " ind2="3">
         <subfield code="a">vegetation structure</subfield>
      </datafield>
      <datafield tag="650" ind1=" " ind2="3">
         <subfield code="a">fire severity</subfield>
      </datafield>
      <datafield tag="650" ind1=" " ind2="3">
         <subfield code="a">temporal variation</subfield>
      </datafield>
      <datafield tag="650" ind1=" " ind2="3">
         <subfield code="a">image analysis</subfield>
      </datafield>
      <datafield tag="650" ind1=" " ind2="3">
         <subfield code="a">forest trees</subfield>
      </datafield>
      <datafield tag="650" ind1=" " ind2="3">
         <subfield code="a">frequency</subfield>
      </datafield>
      <datafield tag="650" ind1=" " ind2="3">
         <subfield code="a">wildland fire use</subfield>
      </datafield>
      <datafield tag="650" ind1=" " ind2="3">
         <subfield code="a">wildfires</subfield>
      </datafield>
      <datafield tag="650" ind1=" " ind2="3">
         <subfield code="a">Pinus jeffreyi</subfield>
      </datafield>
      <datafield tag="650" ind1=" " ind2="3">
         <subfield code="a">spatial data</subfield>
      </datafield>
      <datafield tag="650" ind1=" " ind2="3">
         <subfield code="a">fire scars</subfield>
      </datafield>
      <datafield tag="650" ind1=" " ind2="3">
         <subfield code="a">wilderness</subfield>
      </datafield>
      <datafield tag="650" ind1=" " ind2="3">
         <subfield code="a">stand basal area</subfield>
      </datafield>
      <datafield tag="650" ind1=" " ind2="3">
         <subfield code="a">conservation areas</subfield>
      </datafield>
      <datafield tag="651" ind1=" " ind2="3">
         <subfield code="a">Sierra Nevada (California)</subfield>
      </datafield>
      <datafield tag="651" ind1=" " ind2="0">
         <subfield code="a">Sierra Nevada region (California)</subfield>
      </datafield>
      <datafield tag="653" ind1=" " ind2="0">
         <subfield code="a">fire ecology</subfield>
      </datafield>
      <datafield tag="653" ind1=" " ind2="0">
         <subfield code="a">fire behavior</subfield>
      </datafield>
      <datafield tag="653" ind1=" " ind2="0">
         <subfield code="a">wildland fire management</subfield>
      </datafield>
      <datafield tag="653" ind1=" " ind2="0">
         <subfield code="a">aspect</subfield>
      </datafield>
      <datafield tag="653" ind1=" " ind2="0">
         <subfield code="a">basal area</subfield>
      </datafield>
      <datafield tag="700" ind1="1" ind2=" ">
         <subfield code="a">Stephens, Scott L.</subfield>
      </datafield>
      <datafield tag="773" ind1="0" ind2=" ">
         <subfield code="t">Fire ecology.</subfield>
         <subfield code="g">2007, v. 3, no. 2 p.53-67</subfield>
         <subfield code="x">1933-9747</subfield>
         <subfield code="7">nnas</subfield>
      </datafield>
      <datafield tag="787" ind1="1" ind2=" ">
         <subfield code="o">islandora_article_repository</subfield>
      </datafield>
      <datafield tag="787" ind1="1" ind2=" ">
         <subfield code="o">product_pubag</subfield>
      </datafield>
      <datafield tag="787" ind1="1" ind2=" ">
         <subfield code="o">(Journal)6171</subfield>
      </datafield>
      <datafield tag="852" ind1=" " ind2=" ">
         <subfield code="a">DNAL</subfield>
      </datafield>
      <datafield tag="856" ind1="4" ind2="0">
         <subfield code="u">http://dx.doi.org/10.4996/fireecology.0302053</subfield>
         <subfield code="3">Available from publisher's Web site</subfield>
      </datafield>
      <datafield tag="912" ind1=" " ind2=" ">
         <subfield code="a">Article</subfield>
      </datafield>
      <datafield tag="914" ind1=" " ind2=" ">
         <subfield code="a">Journal:6171</subfield>
         <subfield code="b">1933-9747</subfield>
         <subfield code="c">3</subfield>
         <subfield code="d">2</subfield>
         <subfield code="e">53</subfield>
      </datafield>
      <datafield tag="914" ind1=" " ind2=" ">
         <subfield code="f">Fire ecology</subfield>
      </datafield>
      <datafield tag="917" ind1=" " ind2=" ">
         <subfield code="a">issued</subfield>
      </datafield>
      <datafield tag="930" ind1=" " ind2=" ">
         <subfield code="a">20090714</subfield>
         <subfield code="b">00000000</subfield>
         <subfield code="c">00000000</subfield>
      </datafield>
      <datafield tag="935" ind1=" " ind2=" ">
         <subfield code="a">IND44094694</subfield>
         <subfield code="9">ExL</subfield>
      </datafield>
      <datafield tag="945" ind1=" " ind2=" ">
         <subfield code="a">IND</subfield>
         <subfield code="d">LYN</subfield>
         <subfield code="e">2008/12/05</subfield>
      </datafield>
      <datafield tag="946" ind1=" " ind2=" ">
         <subfield code="a">Other US</subfield>
      </datafield>
      <datafield tag="949" ind1=" " ind2=" ">
         <subfield code="a">2014-07-17</subfield>
      </datafield>
      <datafield tag="952" ind1=" " ind2=" ">
         <subfield code="a">20090714 00000000 00000000</subfield>
         <subfield code="b">IND LYN 2008/12/05</subfield>
      </datafield>
      <datafield tag="974" ind1=" " ind2=" ">
         <subfield code="a">agid:735896</subfield>
      </datafield>
      <datafield tag="984" ind1=" " ind2=" ">
         <subfield code="a">2014-07-24</subfield>
      </datafield>
      <datafield tag="985" ind1=" " ind2=" ">
         <subfield code="a">Converted from MARCXML to MODS version 3.4 using MARC21slim2MODS3-4.xsl
        (Revision 1.95 2014/04/23)</subfield>
      </datafield>
      <datafield tag="986" ind1=" " ind2=" ">
         <subfield code="a">4094694</subfield>
      </datafield>
   </record>