
   <!--Record: 132-->
   <record>
      <leader>04225nab a2200589 u 4500</leader>
      <controlfield tag="001">9915860046107426</controlfield>
      <controlfield tag="005">20221119055611.0</controlfield>
      <controlfield tag="008">180619e201610 xx |||||o|||||||||||eng||</controlfield>
      <datafield tag="016" ind1="7" ind2=" ">
         <subfield code="a">IND605506269</subfield>
         <subfield code="2">DNAL</subfield>
      </datafield>
      <datafield tag="024" ind1="7" ind2=" ">
         <subfield code="a">10.1007/s11295-016-1053-4</subfield>
         <subfield code="2">doi</subfield>
      </datafield>
      <datafield tag="035" ind1=" " ind2=" ">
         <subfield code="a">agid:5506269-01nal_inst</subfield>
      </datafield>
      <datafield tag="040" ind1=" " ind2=" ">
         <subfield code="a">AGL</subfield>
         <subfield code="b">eng</subfield>
         <subfield code="c">AGL</subfield>
      </datafield>
      <datafield tag="100" ind1="1" ind2=" ">
         <subfield code="a">Leonarduzzi, Cristina</subfield>
         <subfield code="e">author</subfield>
         <subfield code="u">Institute of Biosciences and BioResources, National Research Council (CNR),
        Via Madonna del Piano 10, 50019, Sesto Fiorentino, FI, Italy</subfield>
      </datafield>
      <datafield tag="245" ind1="1" ind2="0">
         <subfield code="a">Effective gene flow in a historically fragmented area at the southern edge
        of silver fir (Abies alba Mill.) distribution</subfield>
      </datafield>
      <datafield tag="300" ind1=" " ind2=" ">
         <subfield code="a">p. 95.</subfield>
      </datafield>
      <datafield tag="520" ind1=" " ind2=" ">
         <subfield code="a">Fragmented populations at the edges of a species’ distribution can be
        highly exposed to the loss of genetic variation, unless sufficient gene flow maintains their
        genetic connectivity. Gene movements leading to successful establishment of external gametes
        (i.e. effective gene flow) into fragmented populations can solely be assessed by
        investigating the origin of natural regeneration. This study is focused on studying gene
        flow patterns in two silver fir stands in Central Apennines, where the species has a highly
        fragmented distribution. By using nuclear and chloroplast microsatellite markers, we
        investigated genetic variation, fine-scale spatial genetic structure, effective gene flow
        rates and large-scale connectivity characterizing both stands. Similar levels of genetic
        variation and low genetic differentiation between stands (F ST = 0.005) and across
        generations were found, coupled with low inbreeding and weak to absent SGS in the adult
        cohort (Sp &lt; 0.003). On the other hand, substantial differences between the two stands in
        terms of gene flow rates were observed. Irrespective of the parentage approach used, higher
        gene flow rates were found in the stand located at the upper silver fir altitudinal limit,
        especially for seed-mediated gene flow (0.79 in the upper stand vs. 0.48 in the lower
        stand). Conversely, the lower stand was characterized by a higher reproductive dominance of
        local adults. Our findings suggest that, despite similar levels of genetic variation and
        generally high gene flow rates, different processes may be acting on the two stands,
        reflecting varying ecological conditions.</subfield>
      </datafield>
      <datafield tag="592" ind1=" " ind2=" ">
         <subfield code="a">Publisher supplied data</subfield>
      </datafield>
      <datafield tag="593" ind1=" " ind2=" ">
         <subfield code="a">PubAg article</subfield>
      </datafield>
      <datafield tag="650" ind1=" " ind2="3">
         <subfield code="a">Abies alba</subfield>
      </datafield>
      <datafield tag="650" ind1=" " ind2="3">
         <subfield code="a">adults</subfield>
      </datafield>
      <datafield tag="650" ind1=" " ind2="3">
         <subfield code="a">chloroplasts</subfield>
      </datafield>
      <datafield tag="650" ind1=" " ind2="3">
         <subfield code="a">gene flow</subfield>
      </datafield>
      <datafield tag="650" ind1=" " ind2="3">
         <subfield code="a">genes</subfield>
      </datafield>
      <datafield tag="650" ind1=" " ind2="3">
         <subfield code="a">genetic markers</subfield>
      </datafield>
      <datafield tag="650" ind1=" " ind2="3">
         <subfield code="a">genetic variation</subfield>
      </datafield>
      <datafield tag="650" ind1=" " ind2="3">
         <subfield code="a">germ cells</subfield>
      </datafield>
      <datafield tag="650" ind1=" " ind2="3">
         <subfield code="a">inbreeding</subfield>
      </datafield>
      <datafield tag="650" ind1=" " ind2="3">
         <subfield code="a">microsatellite repeats</subfield>
      </datafield>
      <datafield tag="650" ind1=" " ind2="3">
         <subfield code="a">natural regeneration</subfield>
      </datafield>
      <datafield tag="650" ind1=" " ind2="3">
         <subfield code="a">parentage</subfield>
      </datafield>
      <datafield tag="700" ind1="1" ind2=" ">
         <subfield code="a">Piotti, Andrea</subfield>
         <subfield code="e">author</subfield>
         <subfield code="u">Institute of Biosciences and BioResources, National Research Council (CNR),
        Via Madonna del Piano 10, 50019, Sesto Fiorentino, FI, Italy.
        andrea.piotti@gmail.com</subfield>
         <subfield code="1">http://orcid.org/0000-0002-3324-5325</subfield>
      </datafield>
      <datafield tag="700" ind1="1" ind2=" ">
         <subfield code="a">Spanu, Ilaria</subfield>
         <subfield code="e">author</subfield>
         <subfield code="u">Institute of Biosciences and BioResources, National Research Council (CNR),
        Via Madonna del Piano 10, 50019, Sesto Fiorentino, FI, Italy</subfield>
      </datafield>
      <datafield tag="700" ind1="1" ind2=" ">
         <subfield code="a">Vendramin, GiovanniGiuseppe</subfield>
         <subfield code="e">author</subfield>
         <subfield code="u">Institute of Biosciences and BioResources, National Research Council (CNR),
        Via Madonna del Piano 10, 50019, Sesto Fiorentino, FI, Italy</subfield>
      </datafield>
      <datafield tag="773" ind1="0" ind2=" ">
         <subfield code="t">Tree genetics &amp; genomes.</subfield>
         <subfield code="g">2016 Oct., v. 12, no. 5 p.95-95</subfield>
         <subfield code="d">Springer Berlin Heidelberg</subfield>
         <subfield code="w">Journal:jnl3949857</subfield>
         <subfield code="x">1614-2942</subfield>
         <subfield code="7">nnas</subfield>
      </datafield>
      <datafield tag="787" ind1="1" ind2=" ">
         <subfield code="o">islandora_article_repository</subfield>
      </datafield>
      <datafield tag="787" ind1="1" ind2=" ">
         <subfield code="o">product_pubag</subfield>
      </datafield>
      <datafield tag="787" ind1="1" ind2=" ">
         <subfield code="o">(Journal)jnl3949857</subfield>
      </datafield>
      <datafield tag="856" ind1="4" ind2="0">
         <subfield code="u">https://dx.doi.org/10.1007/s11295-016-1053-4</subfield>
         <subfield code="3">Available from publisher's site</subfield>
      </datafield>
      <datafield tag="912" ind1=" " ind2=" ">
         <subfield code="a">Article</subfield>
      </datafield>
      <datafield tag="914" ind1=" " ind2=" ">
         <subfield code="a">Journal:jnl3949857</subfield>
         <subfield code="b">1614-2942</subfield>
         <subfield code="c">12</subfield>
         <subfield code="d">5</subfield>
         <subfield code="e">95</subfield>
      </datafield>
      <datafield tag="914" ind1=" " ind2=" ">
         <subfield code="f">Tree genetics &amp; genomes</subfield>
      </datafield>
      <datafield tag="916" ind1=" " ind2=" ">
         <subfield code="a">Batch:1510</subfield>
      </datafield>
      <datafield tag="917" ind1=" " ind2=" ">
         <subfield code="a">issued</subfield>
      </datafield>
      <datafield tag="918" ind1="2" ind2=" ">
         <subfield code="a">Springer</subfield>
         <subfield code="e">provider</subfield>
         <subfield code="5">DNAL</subfield>
      </datafield>
      <datafield tag="935" ind1=" " ind2=" ">
         <subfield code="a">IND605506269</subfield>
         <subfield code="9">ExL</subfield>
      </datafield>
      <datafield tag="949" ind1=" " ind2=" ">
         <subfield code="a">2018-06-19</subfield>
      </datafield>
      <datafield tag="953" ind1=" " ind2=" ">
         <subfield code="a">/data/metadata/incoming/springer/ftp_PUB_18-01-25_12-16-24.zip</subfield>
      </datafield>
      <datafield tag="954" ind1=" " ind2=" ">
         <subfield code="a">file:/data/metadata/staging/springer/11295-12-5.xml</subfield>
      </datafield>
      <datafield tag="955" ind1=" " ind2=" ">
         <subfield code="a">/data/metadata/staging/springer/</subfield>
      </datafield>
      <datafield tag="974" ind1=" " ind2=" ">
         <subfield code="a">agid:5506269</subfield>
      </datafield>
      <datafield tag="983" ind1=" " ind2=" ">
         <subfield code="a">2018-06-19</subfield>
      </datafield>
      <datafield tag="984" ind1=" " ind2=" ">
         <subfield code="a">2018-06-19</subfield>
      </datafield>
   </record>