
   <!--Record: 135-->
   <record>
      <leader>04894nab a2200721 u 4500</leader>
      <controlfield tag="001">9915860309707426</controlfield>
      <controlfield tag="005">20221119061645.0</controlfield>
      <controlfield tag="008">190520e20190530xx |||||o|||||||||||eng||</controlfield>
      <datafield tag="016" ind1="7" ind2=" ">
         <subfield code="a">IND606447041</subfield>
         <subfield code="2">DNAL</subfield>
      </datafield>
      <datafield tag="024" ind1="7" ind2=" ">
         <subfield code="a">10.1002/hyp.13421</subfield>
         <subfield code="2">doi</subfield>
      </datafield>
      <datafield tag="035" ind1=" " ind2=" ">
         <subfield code="a">agid:6447041-01nal_inst</subfield>
      </datafield>
      <datafield tag="040" ind1=" " ind2=" ">
         <subfield code="a">AGL</subfield>
         <subfield code="b">eng</subfield>
         <subfield code="c">AGL</subfield>
      </datafield>
      <datafield tag="100" ind1="1" ind2=" ">
         <subfield code="a">Kyongho, Son</subfield>
         <subfield code="e">author</subfield>
         <subfield code="u">Research Foundation of City University of New York, New York, NY,
        USA</subfield>
         <subfield code="1">https://orcid.org/0000-0003-0288-6522</subfield>
      </datafield>
      <datafield tag="245" ind1="1" ind2="2">
         <subfield code="a">A top–down soil moisture and sap flux sampling design of a rain–snow
        transition mountain watershed</subfield>
      </datafield>
      <datafield tag="300" ind1=" " ind2=" ">
         <subfield code="a">p. 1553-1568.</subfield>
      </datafield>
      <datafield tag="500" ind1=" " ind2=" ">
         <subfield code="a">JOURNAL ARTICLE</subfield>
      </datafield>
      <datafield tag="520" ind1=" " ind2=" ">
         <subfield code="a">This paper presents a top–down approach for soil moisture and sap flux
        sampling design with the goal of understanding ecohydrologic response to interannual climate
        variation in the rain–snow transition watersheds. The design is based on a priori estimates
        of soil moisture and transpiration patterns using a physical distributed model, Regional
        Hydro‐Ecologic Simulation System (RHESSys). RHESSys was initially calibrated with existing
        snow depth and streamflow data. Calibrated model estimates of seasonal trajectories of
        snowmelt, root‐zone soil moisture storage, and transpiration were used to develop five
        hydrologic similarity indicators and map these at (30 m) patch scale across the study
        watershed. The partitioning around medoids‐clustering algorithm was then used to define six
        distinctive spatially explicit clusters based on the five hydrologic similarity indictors. A
        representative site within each cluster was identified for sampling. For each site, soil
        moisture sensors were installed at the 30‐ and 90‐cm depths and at the five soil pits and a
        sap flux sensor at the averaged‐size white fir tree for each site. The model‐based cluster
        analysis suggests that the elevation gradient and topographically driven flow drainage
        patterns are the dominant drivers of spatial patterns of soil moisture and transpiration.
        The comparison of model‐based calculated hydrological similarity indicators with
        measured‐data‐based values shows that spatial patterns of field‐sampled soil moisture data
        typically fell within uncertainty bounds of model‐based estimates for each cluster. There
        were however several notable exceptions. The model failed to capture the soil moisture and
        sap flux dynamics in a riparian zone site and in a site where lateral subsurface flow may
        not follow surface topography. Results highlight the utility of using a hypothesis driven
        sampling strategy, based on a physically based model, for efficiently providing new
        information that can drive both future measurements and strategic refinements to model
        inputs, parameters, or structure that might reduce these errors. Future research will focus
        on strategies for using of finer scale representations of microclimate, topography,
        vegetation, and soil properties to improve models.</subfield>
      </datafield>
      <datafield tag="592" ind1=" " ind2=" ">
         <subfield code="a">Publisher supplied data</subfield>
      </datafield>
      <datafield tag="593" ind1=" " ind2=" ">
         <subfield code="a">PubAg article</subfield>
      </datafield>
      <datafield tag="596" ind1=" " ind2=" ">
         <subfield code="c">Kearney Foundation of Soil Science</subfield>
      </datafield>
      <datafield tag="596" ind1=" " ind2=" ">
         <subfield code="a">EAR‐0725097</subfield>
         <subfield code="c">National Science Foundation</subfield>
      </datafield>
      <datafield tag="650" ind1=" " ind2="3">
         <subfield code="a">algorithms</subfield>
      </datafield>
      <datafield tag="650" ind1=" " ind2="3">
         <subfield code="a">altitude</subfield>
      </datafield>
      <datafield tag="650" ind1=" " ind2="3">
         <subfield code="a">climatic factors</subfield>
      </datafield>
      <datafield tag="650" ind1=" " ind2="3">
         <subfield code="a">cluster analysis</subfield>
      </datafield>
      <datafield tag="650" ind1=" " ind2="3">
         <subfield code="a">drainage</subfield>
      </datafield>
      <datafield tag="650" ind1=" " ind2="3">
         <subfield code="a">microclimate</subfield>
      </datafield>
      <datafield tag="650" ind1=" " ind2="3">
         <subfield code="a">models</subfield>
      </datafield>
      <datafield tag="650" ind1=" " ind2="3">
         <subfield code="a">rhizosphere</subfield>
      </datafield>
      <datafield tag="650" ind1=" " ind2="3">
         <subfield code="a">riparian areas</subfield>
      </datafield>
      <datafield tag="650" ind1=" " ind2="3">
         <subfield code="a">sap flow</subfield>
      </datafield>
      <datafield tag="650" ind1=" " ind2="3">
         <subfield code="a">snow</subfield>
      </datafield>
      <datafield tag="650" ind1=" " ind2="3">
         <subfield code="a">snowmelt</subfield>
      </datafield>
      <datafield tag="650" ind1=" " ind2="3">
         <subfield code="a">soil properties</subfield>
      </datafield>
      <datafield tag="650" ind1=" " ind2="3">
         <subfield code="a">soil water</subfield>
      </datafield>
      <datafield tag="650" ind1=" " ind2="3">
         <subfield code="a">stream flow</subfield>
      </datafield>
      <datafield tag="650" ind1=" " ind2="3">
         <subfield code="a">subsurface flow</subfield>
      </datafield>
      <datafield tag="650" ind1=" " ind2="3">
         <subfield code="a">transpiration</subfield>
      </datafield>
      <datafield tag="650" ind1=" " ind2="3">
         <subfield code="a">trees</subfield>
      </datafield>
      <datafield tag="650" ind1=" " ind2="3">
         <subfield code="a">uncertainty</subfield>
      </datafield>
      <datafield tag="650" ind1=" " ind2="3">
         <subfield code="a">vegetation</subfield>
      </datafield>
      <datafield tag="650" ind1=" " ind2="3">
         <subfield code="a">watersheds</subfield>
      </datafield>
      <datafield tag="700" ind1="1" ind2=" ">
         <subfield code="a">Tague, Christina</subfield>
         <subfield code="e">author</subfield>
         <subfield code="u">Donald Bren School of Environmental Science &amp; Management, University of
        California Santa Barbara, Santa Barbara, California, USA</subfield>
      </datafield>
      <datafield tag="773" ind1="0" ind2=" ">
         <subfield code="t">Hydrological processes.</subfield>
         <subfield code="g">2019 May 30, v. 33, no. 11 p.1553-1568</subfield>
         <subfield code="d">John Wiley &amp; Sons, Ltd</subfield>
         <subfield code="w">Journal:jnl3938466</subfield>
         <subfield code="x">0885-6087</subfield>
         <subfield code="7">nnas</subfield>
      </datafield>
      <datafield tag="787" ind1="1" ind2=" ">
         <subfield code="o">islandora_article_repository</subfield>
      </datafield>
      <datafield tag="787" ind1="1" ind2=" ">
         <subfield code="o">product_pubag</subfield>
      </datafield>
      <datafield tag="787" ind1="1" ind2=" ">
         <subfield code="o">(Journal)jnl3938466</subfield>
      </datafield>
      <datafield tag="856" ind1="4" ind2="0">
         <subfield code="u">http://dx.doi.org/10.1002/hyp.13421</subfield>
         <subfield code="3">Available from publisher's site</subfield>
      </datafield>
      <datafield tag="912" ind1=" " ind2=" ">
         <subfield code="a">Article</subfield>
      </datafield>
      <datafield tag="914" ind1=" " ind2=" ">
         <subfield code="a">Journal:jnl3938466</subfield>
         <subfield code="b">0885-6087</subfield>
         <subfield code="c">33</subfield>
         <subfield code="d">11</subfield>
         <subfield code="e">1553</subfield>
      </datafield>
      <datafield tag="914" ind1=" " ind2=" ">
         <subfield code="f">Hydrological processes</subfield>
      </datafield>
      <datafield tag="916" ind1=" " ind2=" ">
         <subfield code="a">Batch:2259</subfield>
      </datafield>
      <datafield tag="917" ind1=" " ind2=" ">
         <subfield code="a">issued</subfield>
      </datafield>
      <datafield tag="918" ind1="2" ind2=" ">
         <subfield code="a">John Wiley &amp; Sons, Inc</subfield>
         <subfield code="e">provider</subfield>
         <subfield code="5">DNAL</subfield>
      </datafield>
      <datafield tag="935" ind1=" " ind2=" ">
         <subfield code="a">IND606447041</subfield>
         <subfield code="9">ExL</subfield>
      </datafield>
      <datafield tag="949" ind1=" " ind2=" ">
         <subfield code="a">2019-07-19</subfield>
      </datafield>
      <datafield tag="953" ind1=" " ind2=" ">
         <subfield code="a">/data/metadata/incoming/wiley/08856087_2019_33_11.xml</subfield>
      </datafield>
      <datafield tag="954" ind1=" " ind2=" ">
         <subfield code="a">file:/data/metadata/staging/wiley/08856087_2019_33_11.xml</subfield>
      </datafield>
      <datafield tag="955" ind1=" " ind2=" ">
         <subfield code="a">/data/metadata/staging/wiley/</subfield>
      </datafield>
      <datafield tag="962" ind1=" " ind2=" ">
         <subfield code="a">Batch:2259 reviewed on 2019-07-19T16:00:04Z</subfield>
      </datafield>
      <datafield tag="974" ind1=" " ind2=" ">
         <subfield code="a">agid:6447041</subfield>
      </datafield>
      <datafield tag="983" ind1=" " ind2=" ">
         <subfield code="a">2019-05-20</subfield>
      </datafield>
      <datafield tag="984" ind1=" " ind2=" ">
         <subfield code="a">2019-07-19</subfield>
      </datafield>
   </record>