
   <!--Record: 136-->
   <record>
      <leader>04229nab a2200601 u 4500</leader>
      <controlfield tag="001">9915861242107426</controlfield>
      <controlfield tag="005">20221119065552.0</controlfield>
      <controlfield tag="008">141111e20110401xx |||||o|||||||||||eng||</controlfield>
      <datafield tag="016" ind1="7" ind2=" ">
         <subfield code="a">IND44501080</subfield>
         <subfield code="2">DNAL</subfield>
      </datafield>
      <datafield tag="024" ind1="7" ind2=" ">
         <subfield code="a">10.1016/j.foreco.2011.01.007</subfield>
         <subfield code="2">doi</subfield>
      </datafield>
      <datafield tag="035" ind1=" " ind2=" ">
         <subfield code="a">agid:485653-01nal_inst</subfield>
      </datafield>
      <datafield tag="040" ind1=" " ind2=" ">
         <subfield code="a">AGL</subfield>
         <subfield code="b">eng</subfield>
         <subfield code="c">AGL</subfield>
      </datafield>
      <datafield tag="100" ind1="1" ind2=" ">
         <subfield code="a">Ko, Dongwook W.</subfield>
         <subfield code="e">author</subfield>
         <subfield code="u">Department of Natural Resources and Environmental Science, University of
        Nevada-Reno, Reno, NV 89512, USA; Institute of Environmental Research, Kangwon National
        University, Chuncheon, Gangwon-Do, Republic of Korea</subfield>
      </datafield>
      <datafield tag="245" ind1="1" ind2="0">
         <subfield code="a">Land-use legacy of historical tree harvesting for charcoal production in a
        semi-arid woodland</subfield>
      </datafield>
      <datafield tag="300" ind1=" " ind2=" ">
         <subfield code="a">p. 1283-1292.</subfield>
      </datafield>
      <datafield tag="520" ind1=" " ind2=" ">
         <subfield code="a">Historical processes may have longer lasting effects in arid forest and
        woodlands because of slow rates of succession. We investigated the influence of historical
        tree harvesting upon contemporary spatial dynamics of pinyon-juniper woodland in the western
        United States. Despite intensive and widespread harvesting of woodland by the charcoal
        industry during the late 19th century, the role of afforestation has seldom been addressed
        as a potential mechanism for the dramatic expansion of pinyon-juniper woodlands over the
        past century. Spatial models of disturbance processes are one way to ascertain effects of
        such historical influences. We developed a process-based spatial model to estimate the
        historical tree harvest pressure according to a parsimonious set of rules and constraints.
        The model used a convection-diffusion approach that incorporated the influences of
        topography, transportation, and mining production. We used a combination of field-surveyed,
        archaeological, historical, and GIS data sets to calibrate, validate, and compare the
        alternative mathematical models. Model results were consistent with the historical harvest
        evidence (AUC&gt;0.66), with high harvest intensity closer to the mining districts, quickly
        decreasing at the maximum distance of influence. Performance was improved by including the
        local terrain. Harvesting initially showed radial patterns emanating from the significant
        mining districts, and then gradually expanded northward with development of the railway
        system. Our spatial modeling approach provides a means to assess the pattern and magnitude
        of historical tree harvesting in semi-arid woodlands. The general approach can be applied to
        explore the importance of other historical disturbance and cultural processes, whose effects
        may no longer be evident, in forests and woodlands worldwide.</subfield>
      </datafield>
      <datafield tag="592" ind1=" " ind2=" ">
         <subfield code="a">Publisher supplied data</subfield>
      </datafield>
      <datafield tag="593" ind1=" " ind2=" ">
         <subfield code="a">PubAg article</subfield>
      </datafield>
      <datafield tag="650" ind1=" " ind2="3">
         <subfield code="a">afforestation</subfield>
      </datafield>
      <datafield tag="650" ind1=" " ind2="3">
         <subfield code="a">charcoal</subfield>
      </datafield>
      <datafield tag="650" ind1=" " ind2="3">
         <subfield code="a">forests</subfield>
      </datafield>
      <datafield tag="650" ind1=" " ind2="3">
         <subfield code="a">geographic information systems</subfield>
      </datafield>
      <datafield tag="650" ind1=" " ind2="3">
         <subfield code="a">harvesting</subfield>
      </datafield>
      <datafield tag="650" ind1=" " ind2="3">
         <subfield code="a">history</subfield>
      </datafield>
      <datafield tag="650" ind1=" " ind2="3">
         <subfield code="a">industry</subfield>
      </datafield>
      <datafield tag="650" ind1=" " ind2="3">
         <subfield code="a">land use</subfield>
      </datafield>
      <datafield tag="650" ind1=" " ind2="3">
         <subfield code="a">mathematical models</subfield>
      </datafield>
      <datafield tag="650" ind1=" " ind2="3">
         <subfield code="a">pinyon-juniper</subfield>
      </datafield>
      <datafield tag="650" ind1=" " ind2="3">
         <subfield code="a">railroads</subfield>
      </datafield>
      <datafield tag="650" ind1=" " ind2="3">
         <subfield code="a">topography</subfield>
      </datafield>
      <datafield tag="650" ind1=" " ind2="3">
         <subfield code="a">trees</subfield>
      </datafield>
      <datafield tag="650" ind1=" " ind2="3">
         <subfield code="a">woodlands</subfield>
      </datafield>
      <datafield tag="700" ind1="1" ind2=" ">
         <subfield code="a">Sparrow, Ashley D.</subfield>
         <subfield code="e">author</subfield>
         <subfield code="u">Department of Natural Resources and Environmental Science, University of
        Nevada-Reno, Reno, NV 89512, USA; CSIRO Ecosystem Sciences, PO Box 2111, Alice Springs, NT
        0871, Australia</subfield>
      </datafield>
      <datafield tag="700" ind1="1" ind2=" ">
         <subfield code="a">Weisberg, Peter J.</subfield>
         <subfield code="e">author</subfield>
         <subfield code="u">Department of Natural Resources and Environmental Science, University of
        Nevada-Reno, Reno, NV 89512, USA</subfield>
      </datafield>
      <datafield tag="773" ind1="0" ind2=" ">
         <subfield code="t">Forest ecology and management.</subfield>
         <subfield code="g">2011 Apr. 1, v. 261, no. 7 p.1283-1292</subfield>
         <subfield code="d">Elsevier B.V.</subfield>
         <subfield code="x">0378-1127</subfield>
         <subfield code="7">nnas</subfield>
      </datafield>
      <datafield tag="787" ind1="1" ind2=" ">
         <subfield code="o">islandora_article_repository</subfield>
      </datafield>
      <datafield tag="787" ind1="1" ind2=" ">
         <subfield code="o">product_pubag</subfield>
      </datafield>
      <datafield tag="787" ind1="1" ind2=" ">
         <subfield code="o">(Journal)jnl9013</subfield>
      </datafield>
      <datafield tag="856" ind1="4" ind2="0">
         <subfield code="u">http://dx.doi.org/10.1016/j.foreco.2011.01.007</subfield>
         <subfield code="3">Available from publisher's site</subfield>
      </datafield>
      <datafield tag="912" ind1=" " ind2=" ">
         <subfield code="a">Article</subfield>
      </datafield>
      <datafield tag="914" ind1=" " ind2=" ">
         <subfield code="a">Journal:jnl9013</subfield>
         <subfield code="b">0378-1127</subfield>
         <subfield code="c">261</subfield>
         <subfield code="d">7</subfield>
         <subfield code="e">1283</subfield>
      </datafield>
      <datafield tag="914" ind1=" " ind2=" ">
         <subfield code="f">Forest ecology and management</subfield>
      </datafield>
      <datafield tag="917" ind1=" " ind2=" ">
         <subfield code="a">issued</subfield>
      </datafield>
      <datafield tag="918" ind1="2" ind2=" ">
         <subfield code="a">Elsevier B.V.</subfield>
         <subfield code="e">provider</subfield>
         <subfield code="5">DNAL</subfield>
      </datafield>
      <datafield tag="935" ind1=" " ind2=" ">
         <subfield code="a">IND44501080</subfield>
         <subfield code="9">ExL</subfield>
      </datafield>
      <datafield tag="949" ind1=" " ind2=" ">
         <subfield code="a">2013-09-26</subfield>
      </datafield>
      <datafield tag="953" ind1=" " ind2=" ">
         <subfield code="a">NAL270800378112702610007.xml</subfield>
      </datafield>
      <datafield tag="962" ind1=" " ind2=" ">
         <subfield code="a">Batch:347 annotated on 2013-09-04T16:33:53Z</subfield>
      </datafield>
      <datafield tag="962" ind1=" " ind2=" ">
         <subfield code="a">Batch:347 reviewed on 2013-09-26T16:00:02Z</subfield>
      </datafield>
      <datafield tag="974" ind1=" " ind2=" ">
         <subfield code="a">agid:485653</subfield>
      </datafield>
      <datafield tag="983" ind1=" " ind2=" ">
         <subfield code="a">2014-11-11</subfield>
      </datafield>
      <datafield tag="984" ind1=" " ind2=" ">
         <subfield code="a">2014-11-11</subfield>
      </datafield>
      <datafield tag="986" ind1=" " ind2=" ">
         <subfield code="a">4501080</subfield>
      </datafield>
   </record>