
   <!--Record: 137-->
   <record>
      <leader>04090nab a2200577 u 4500</leader>
      <controlfield tag="001">9915861440007426</controlfield>
      <controlfield tag="005">20221119065204.0</controlfield>
      <controlfield tag="008">210405e202103 xx |||||o|||||||||||eng||</controlfield>
      <datafield tag="016" ind1="7" ind2=" ">
         <subfield code="a">IND607205944</subfield>
         <subfield code="2">DNAL</subfield>
      </datafield>
      <datafield tag="024" ind1="7" ind2=" ">
         <subfield code="a">10.1016/j.catena.2020.105071</subfield>
         <subfield code="2">doi</subfield>
      </datafield>
      <datafield tag="035" ind1=" " ind2=" ">
         <subfield code="a">agid:7205944-01nal_inst</subfield>
      </datafield>
      <datafield tag="040" ind1=" " ind2=" ">
         <subfield code="a">AGL</subfield>
         <subfield code="b">eng</subfield>
         <subfield code="c">AGL</subfield>
      </datafield>
      <datafield tag="100" ind1="1" ind2=" ">
         <subfield code="a">Khanifar, Javad</subfield>
         <subfield code="e">author</subfield>
         <subfield code="u">Soil Science Department, Faculty of Agriculture, Shahid Chamran University
        of Ahvaz, Ahvaz, Iran</subfield>
      </datafield>
      <datafield tag="245" ind1="1" ind2="0">
         <subfield code="a">Effects of neighborhood analysis window forms and derivative algorithms on
        the soil aggregate stability – Landscape modeling</subfield>
      </datafield>
      <datafield tag="500" ind1=" " ind2=" ">
         <subfield code="a">NAL-AP-2-clean</subfield>
      </datafield>
      <datafield tag="520" ind1=" " ind2=" ">
         <subfield code="a">One of the most important factors in soil-landscape analysis can be the
        operational scale applied for mathematical calculations of terrain attributes. This study
        aimed to investigate the effects of different calculation patterns on terrain attributes and
        soil aggregate stability-landscape modeling at the subwatershed scale. For this purpose,
        four terrain attributes (slope gradient, slope aspect, plan curvature, and profile
        curvature) were calculated by two derivative algorithms (Evans-Young and Zevenbergen-Thorne)
        from a one-meter digital elevation model (DEM), using two neighborhood shapes (square and
        circular) with ten different neighborhood scales (from 5 m to 50 m). The regression tree
        model was used for modeling, and Kruskal-Wallis test was performed for determining
        significant differences in the terrain attributes across different calculation patterns. The
        results showed that the curvature attributes were mostly sensitive to the type of
        calculation pattern rather than the slope attributes. In calculation patterns, the
        neighborhood scale was the most important factor, which influenced differences in terrain
        attributes more than the neighborhood shape or type of derivative algorithm. The terrain
        attributes, calculated by the Evans-Young algorithm, were more distinct between circular and
        square neighborhoods, compared to attributes calculated by the Zevenbergen-Thorne algorithm,
        because of the difference in the polynomial type. Investigation of the relationship between
        the aggregate stability and terrain attributes indicated the great importance of the
        neighborhood scale. Differences in the R-squared values of models indicated that the type of
        derivative algorithms and the neighborhood shape could have remarkable effects on the
        soil-landscape models. Overall, the present results revealed that differences in calculation
        patterns had considerable effects on the soil-landscape analysis, although the results might
        be influenced by changes in the spatial resolution of DEM.</subfield>
      </datafield>
      <datafield tag="592" ind1=" " ind2=" ">
         <subfield code="a">Publisher supplied data</subfield>
      </datafield>
      <datafield tag="593" ind1=" " ind2=" ">
         <subfield code="a">PubAg article</subfield>
      </datafield>
      <datafield tag="650" ind1=" " ind2="3">
         <subfield code="a">aggregate stability</subfield>
      </datafield>
      <datafield tag="650" ind1=" " ind2="3">
         <subfield code="a">algorithms</subfield>
      </datafield>
      <datafield tag="650" ind1=" " ind2="3">
         <subfield code="a">catenas</subfield>
      </datafield>
      <datafield tag="650" ind1=" " ind2="3">
         <subfield code="a">digital elevation models</subfield>
      </datafield>
      <datafield tag="650" ind1=" " ind2="3">
         <subfield code="a">landscapes</subfield>
      </datafield>
      <datafield tag="650" ind1=" " ind2="3">
         <subfield code="a">regression analysis</subfield>
      </datafield>
      <datafield tag="650" ind1=" " ind2="3">
         <subfield code="a">soil aggregates</subfield>
      </datafield>
      <datafield tag="650" ind1=" " ind2="3">
         <subfield code="a">subwatersheds</subfield>
      </datafield>
      <datafield tag="653" ind1=" " ind2="0">
         <subfield code="a">Topography</subfield>
      </datafield>
      <datafield tag="653" ind1=" " ind2="0">
         <subfield code="a">Soil-landscape analysis</subfield>
      </datafield>
      <datafield tag="653" ind1=" " ind2="0">
         <subfield code="a">Geomorphometry</subfield>
      </datafield>
      <datafield tag="653" ind1=" " ind2="0">
         <subfield code="a">Neighborhood scale</subfield>
      </datafield>
      <datafield tag="653" ind1=" " ind2="0">
         <subfield code="a">Regression tree</subfield>
      </datafield>
      <datafield tag="700" ind1="1" ind2=" ">
         <subfield code="a">Khademalrasoul, Ataallah</subfield>
         <subfield code="e">author</subfield>
         <subfield code="1">https://orcid.org/0000-0002-1633-6049</subfield>
      </datafield>
      <datafield tag="773" ind1="0" ind2=" ">
         <subfield code="t">Catena.</subfield>
         <subfield code="g">2021 Mar., v. 198 p.105071-</subfield>
         <subfield code="d">Elsevier B.V.</subfield>
         <subfield code="w">Journal:6271</subfield>
         <subfield code="x">0341-8162</subfield>
         <subfield code="7">nnas</subfield>
      </datafield>
      <datafield tag="787" ind1="1" ind2=" ">
         <subfield code="o">islandora_article_repository</subfield>
      </datafield>
      <datafield tag="787" ind1="1" ind2=" ">
         <subfield code="o">product_pubag</subfield>
      </datafield>
      <datafield tag="787" ind1="1" ind2=" ">
         <subfield code="o">(Journal)6271</subfield>
      </datafield>
      <datafield tag="856" ind1="4" ind2="0">
         <subfield code="u">https://dx.doi.org/10.1016/j.catena.2020.105071</subfield>
         <subfield code="3">Available from publisher's site</subfield>
      </datafield>
      <datafield tag="912" ind1=" " ind2=" ">
         <subfield code="a">Article</subfield>
      </datafield>
      <datafield tag="914" ind1=" " ind2=" ">
         <subfield code="a">Journal:6271</subfield>
         <subfield code="b">0341-8162</subfield>
         <subfield code="c">198</subfield>
         <subfield code="e">105071</subfield>
      </datafield>
      <datafield tag="914" ind1=" " ind2=" ">
         <subfield code="f">Catena</subfield>
      </datafield>
      <datafield tag="916" ind1=" " ind2=" ">
         <subfield code="a">Batch:10142</subfield>
      </datafield>
      <datafield tag="917" ind1=" " ind2=" ">
         <subfield code="a">issued</subfield>
      </datafield>
      <datafield tag="918" ind1="2" ind2=" ">
         <subfield code="a">Elsevier Consyn</subfield>
         <subfield code="e">provider</subfield>
         <subfield code="5">DNAL</subfield>
      </datafield>
      <datafield tag="935" ind1=" " ind2=" ">
         <subfield code="a">IND607205944</subfield>
         <subfield code="9">ExL</subfield>
      </datafield>
      <datafield tag="949" ind1=" " ind2=" ">
         <subfield code="a">2021-06-17</subfield>
      </datafield>
      <datafield tag="953" ind1=" " ind2=" ">
         <subfield code="a">/data/metadata/incoming/consyn/835268149763737094-00001-HEAD-ONLY-REVISEDSUBJECTLIST.ZIP</subfield>
      </datafield>
      <datafield tag="954" ind1=" " ind2=" ">
         <subfield code="a">file:/data/metadata/staging/consyn/S0341816220306214.xml</subfield>
      </datafield>
      <datafield tag="955" ind1=" " ind2=" ">
         <subfield code="a">/data/metadata/staging/consyn/</subfield>
      </datafield>
      <datafield tag="974" ind1=" " ind2=" ">
         <subfield code="a">agid:7205944</subfield>
      </datafield>
      <datafield tag="983" ind1=" " ind2=" ">
         <subfield code="a">2021-04-05</subfield>
      </datafield>
      <datafield tag="984" ind1=" " ind2=" ">
         <subfield code="a">2021-06-17</subfield>
      </datafield>
   </record>