
   <!--Record: 138-->
   <record>
      <leader>04118nab a2200637 u 4500</leader>
      <controlfield tag="001">9915861443707426</controlfield>
      <controlfield tag="005">20221119065300.0</controlfield>
      <controlfield tag="008">100730e201006 xx |||||o|||||||||||eng||</controlfield>
      <datafield tag="016" ind1="7" ind2=" ">
         <subfield code="a">IND44405611</subfield>
         <subfield code="2">DNAL</subfield>
      </datafield>
      <datafield tag="024" ind1="7" ind2=" ">
         <subfield code="a">10.1111/j.1600-0587.2009.06052.x</subfield>
         <subfield code="2">doi</subfield>
      </datafield>
      <datafield tag="035" ind1=" " ind2=" ">
         <subfield code="a">agid:515229-01nal_inst</subfield>
      </datafield>
      <datafield tag="040" ind1=" " ind2=" ">
         <subfield code="a">AGL</subfield>
         <subfield code="b">eng</subfield>
         <subfield code="c">AGL</subfield>
      </datafield>
      <datafield tag="100" ind1="1" ind2=" ">
         <subfield code="a">Fedriani, Jose M.</subfield>
      </datafield>
      <datafield tag="245" ind1="1" ind2="0">
         <subfield code="a">Spatial pattern of adult trees and the mammal-generated seed rain in the
        Iberian pear</subfield>
      </datafield>
      <datafield tag="300" ind1=" " ind2=" ">
         <subfield code="a">p. 545-555.</subfield>
      </datafield>
      <datafield tag="500" ind1=" " ind2=" ">
         <subfield code="a">Includes references</subfield>
      </datafield>
      <datafield tag="500" ind1=" " ind2=" ">
         <subfield code="a">2019-12-06</subfield>
      </datafield>
      <datafield tag="520" ind1=" " ind2=" ">
         <subfield code="a">The degree to which plant individuals are aggregated or dispersed
        co-determines how a species uses resources, how it is used as a resource, and how it
        reproduces. Quantifying such spatial patterns, however, presents several methodological
        issues that can be overcome by using spatial point pattern analyses (SPPA). We used SPPA to
        assess the distribution of P. bourgaeana adult trees and their seeds (within fecal samples)
        dispersed by three mammals (badger, fox, and wild boar) within a 72-ha plot across a range
        of spatial scales. Pyrus bourgaeana trees in our study plot (n=75) were clearly aggregated
        with a critical spatial scale of ca 25 m, and approximately nine randomly distributed tree
        clusters were identified. As expected from their marking behaviors, the spatial patterns of
        fecal deposition varied widely among mammal species. Whereas badger feces and dispersed
        seeds were clearly clustered at small spatial scales (&lt;10 m), boar and fox feces were
        relatively scattered across the plot. A toroidal shift null model testing for independence
        indicated that boars tended to deliver seeds to the vicinity of adult trees and thus could
        contribute to the maintenance and enlargement of existing tree clusters. Badgers delivered
        feces and seeds in a highly clumped pattern but unlike boars, away from P. bourgaeana
        neighborhoods; thus, they are more likely to create new tree clusters than boars. The strong
        tree aggregation is likely to be the result of one or several non-exclusive processes, such
        as the spatial patterning of seed delivery by dispersers and seedling establishment beneath
        mother trees. In turn, the distinctive distribution of P. bourgaeana in Doñana appeared to
        interact with the foraging behavior of its mammalian seed dispersers, leading to
        neighbourhood-specific dispersal patterns and fruit-removal rates. Our study exemplifies how
        a detailed description of patterns generates testable hypotheses concerning the ecology of
        zoochorous. Pyrus bourgaeana dispersers were unique and complementary in their spatial
        patterning of seed delivery, which likely confers resilience to their overall service and
        suggests lack of redundancy and expendability of any one species.</subfield>
      </datafield>
      <datafield tag="593" ind1=" " ind2=" ">
         <subfield code="a">PubAg article</subfield>
      </datafield>
      <datafield tag="650" ind1=" " ind2="3">
         <subfield code="a">boars</subfield>
      </datafield>
      <datafield tag="650" ind1=" " ind2="3">
         <subfield code="a">seeds</subfield>
      </datafield>
      <datafield tag="650" ind1=" " ind2="3">
         <subfield code="a">Pyrus</subfield>
      </datafield>
      <datafield tag="650" ind1=" " ind2="3">
         <subfield code="a">seed dispersal</subfield>
      </datafield>
      <datafield tag="650" ind1=" " ind2="3">
         <subfield code="a">seedlings</subfield>
      </datafield>
      <datafield tag="650" ind1=" " ind2="3">
         <subfield code="a">seed trees</subfield>
      </datafield>
      <datafield tag="650" ind1=" " ind2="3">
         <subfield code="a">feces</subfield>
      </datafield>
      <datafield tag="650" ind1=" " ind2="3">
         <subfield code="a">foxes</subfield>
      </datafield>
      <datafield tag="650" ind1=" " ind2="3">
         <subfield code="a">pears</subfield>
      </datafield>
      <datafield tag="650" ind1=" " ind2="3">
         <subfield code="a">wild boars</subfield>
      </datafield>
      <datafield tag="650" ind1=" " ind2="3">
         <subfield code="a">marking behavior</subfield>
      </datafield>
      <datafield tag="650" ind1=" " ind2="3">
         <subfield code="a">badgers</subfield>
      </datafield>
      <datafield tag="650" ind1=" " ind2="3">
         <subfield code="a">foraging</subfield>
      </datafield>
      <datafield tag="650" ind1=" " ind2="3">
         <subfield code="a">adults</subfield>
      </datafield>
      <datafield tag="653" ind1=" " ind2="0">
         <subfield code="a">neighborhoods</subfield>
      </datafield>
      <datafield tag="700" ind1="1" ind2=" ">
         <subfield code="a">Wiegand, Thorsten</subfield>
      </datafield>
      <datafield tag="700" ind1="1" ind2=" ">
         <subfield code="a">Delibes, Miguel</subfield>
      </datafield>
      <datafield tag="773" ind1="0" ind2=" ">
         <subfield code="t">Ecography.</subfield>
         <subfield code="g">2010 June, v. 33, no. 3 p.545-555</subfield>
         <subfield code="d">Blackwell Publishing Ltd</subfield>
         <subfield code="x">0906-7590</subfield>
         <subfield code="7">nnas</subfield>
      </datafield>
      <datafield tag="787" ind1="1" ind2=" ">
         <subfield code="o">islandora_article_repository</subfield>
      </datafield>
      <datafield tag="787" ind1="1" ind2=" ">
         <subfield code="o">product_pubag</subfield>
      </datafield>
      <datafield tag="787" ind1="1" ind2=" ">
         <subfield code="o">(Journal)jnl3867072</subfield>
      </datafield>
      <datafield tag="852" ind1=" " ind2=" ">
         <subfield code="a">DNAL</subfield>
      </datafield>
      <datafield tag="856" ind1="4" ind2="0">
         <subfield code="u">http://dx.doi.org/10.1111/j.1600-0587.2009.06052.x</subfield>
      </datafield>
      <datafield tag="912" ind1=" " ind2=" ">
         <subfield code="a">Article</subfield>
      </datafield>
      <datafield tag="914" ind1=" " ind2=" ">
         <subfield code="a">Journal:jnl3867072</subfield>
         <subfield code="b">0906-7590</subfield>
         <subfield code="c">33</subfield>
         <subfield code="d">3</subfield>
         <subfield code="e">545</subfield>
      </datafield>
      <datafield tag="914" ind1=" " ind2=" ">
         <subfield code="f">Ecography</subfield>
      </datafield>
      <datafield tag="917" ind1=" " ind2=" ">
         <subfield code="a">issued</subfield>
      </datafield>
      <datafield tag="935" ind1=" " ind2=" ">
         <subfield code="a">IND44405611</subfield>
         <subfield code="9">ExL</subfield>
      </datafield>
      <datafield tag="949" ind1=" " ind2=" ">
         <subfield code="a">2013-08-14</subfield>
      </datafield>
      <datafield tag="962" ind1=" " ind2=" ">
         <subfield code="a">Journal ISSN is 1600-0587</subfield>
      </datafield>
      <datafield tag="962" ind1=" " ind2=" ">
         <subfield code="a">Batch:314 annotated on 2013-08-07T11:20:19Z</subfield>
      </datafield>
      <datafield tag="962" ind1=" " ind2=" ">
         <subfield code="a">Batch:314 reviewed on 2013-08-14T15:00:02Z</subfield>
      </datafield>
      <datafield tag="962" ind1=" " ind2=" ">
         <subfield code="a">Batch:314 reviewed on 2013-08-14T16:00:01Z</subfield>
      </datafield>
      <datafield tag="974" ind1=" " ind2=" ">
         <subfield code="a">agid:515229</subfield>
      </datafield>
      <datafield tag="984" ind1=" " ind2=" ">
         <subfield code="a">2010-07-30</subfield>
      </datafield>
      <datafield tag="985" ind1=" " ind2=" ">
         <subfield code="a">Converted from MARCXML to MODS version 3.4 using MARC21slim2MODS3-4.xsl
        (Revision 1.77 2012/03/23)</subfield>
      </datafield>
      <datafield tag="986" ind1=" " ind2=" ">
         <subfield code="a">4405611</subfield>
      </datafield>
   </record>