
   <!--Record: 140-->
   <record>
      <leader>05292nab a2200733 u 4500</leader>
      <controlfield tag="001">9915862072807426</controlfield>
      <controlfield tag="005">20221119071559.0</controlfield>
      <controlfield tag="008">191018e20180306xx |||||o|||||||||||eng||</controlfield>
      <datafield tag="016" ind1="7" ind2=" ">
         <subfield code="a">IND606735958</subfield>
         <subfield code="2">DNAL</subfield>
      </datafield>
      <datafield tag="024" ind1="7" ind2=" ">
         <subfield code="a">10.1093/jpe/rtx004</subfield>
         <subfield code="2">doi</subfield>
      </datafield>
      <datafield tag="035" ind1=" " ind2=" ">
         <subfield code="a">agid:6735958-01nal_inst</subfield>
      </datafield>
      <datafield tag="040" ind1=" " ind2=" ">
         <subfield code="a">AGL</subfield>
         <subfield code="b">eng</subfield>
         <subfield code="c">AGL</subfield>
      </datafield>
      <datafield tag="100" ind1="1" ind2=" ">
         <subfield code="a">Thiele, Jan</subfield>
         <subfield code="e">author</subfield>
         <subfield code="u">Institute of Landscape Ecology, University of Münster, Münster,
        Germany</subfield>
      </datafield>
      <datafield tag="245" ind1="1" ind2="0">
         <subfield code="a">Using resistance distance from circuit theory to model dispersal through
        habitat corridors</subfield>
      </datafield>
      <datafield tag="300" ind1=" " ind2=" ">
         <subfield code="a">p. 385-393.</subfield>
      </datafield>
      <datafield tag="520" ind1=" " ind2=" ">
         <subfield code="a">Resistance distance (RD), based on circuit theory, is a promising metric
        for modelling effects of landscape configuration on dispersal of organisms and the resulting
        population and community patterns. The values of RD reflect the likelihood of a random
        walker to reach from a source to a certain destination in the landscape. Although it has
        successfully been used to model genetic structures of animal populations, where it most
        often outperforms other isolation metrics, there are hardly any applications to plants and,
        in particular, to plant community data. Our aims were to test if RD was a suitable metric
        for studying dispersal processes of plants in narrow habitat corridors (linear landscape
        elements [LLE]). This would be the case, if dispersal processes (seed dispersal and
        migration) resembled random walks. Further, we compared the model performance of RD against
        least-cost distance (LCD) and Euclidean distance (ED). Finally, we tested the suitability of
        different cost surfaces for calculations of LCD and RD. We used data from 50 vegetation
        plots located on semi-natural LLE (field margins, ditches, road verges) in eight
        agricultural landscapes of Northwest Germany. We mapped LLE, including hedges and tree rows,
        from aerial images in a Geographic Information System, converted the maps into raster
        layers, and assigned resistance values to the raster cells, where all cells outside of LLE
        received infinite resistance and, thus, represented barriers to dispersal. For all pairs of
        plots within study areas, we calculated Jaccard similarity assuming that it was a proxy (or
        correlate) of dispersal events between plots. Further, we calculated RD and LCD of the
        network of LLE and ED between the plots. We modelled the effects of distance metrics on
        community similarity using binomial generalized linear mixed models. ED was clearly the
        least suitable isolation metrics. Further, we found that RD performed better than LCD at
        modelling Jaccard similarity. Predictions varied markedly between the two distance metrics
        suggesting that RD comprises additional information about the landscape beyond spatial
        distance, such as the possible presence of multiple pathways between plots. Cost surfaces
        with equal cell-level resistances for all types of LLE performed better than more complex
        ones with habitat-specific resistances. We conclude that RD is a highly suitable measure of
        isolation or, inversely, connectivity for studying dispersal processes of plants within
        habitat corridors. It is likely also suitable for assessing landscape permeability in other
        landscape types with areal habitats instead of narrow corridors. RD holds the potential to
        improve assessments of isolation (or connectivity) for models of regional population and
        meta-community dynamics.</subfield>
      </datafield>
      <datafield tag="592" ind1=" " ind2=" ">
         <subfield code="a">Publisher supplied data</subfield>
      </datafield>
      <datafield tag="593" ind1=" " ind2=" ">
         <subfield code="a">PubAg article</subfield>
      </datafield>
      <datafield tag="650" ind1=" " ind2="3">
         <subfield code="a">aerial photography</subfield>
      </datafield>
      <datafield tag="650" ind1=" " ind2="3">
         <subfield code="a">agroecosystems</subfield>
      </datafield>
      <datafield tag="650" ind1=" " ind2="3">
         <subfield code="a">animals</subfield>
      </datafield>
      <datafield tag="650" ind1=" " ind2="3">
         <subfield code="a">biological corridors</subfield>
      </datafield>
      <datafield tag="650" ind1=" " ind2="3">
         <subfield code="a">edge effects</subfield>
      </datafield>
      <datafield tag="650" ind1=" " ind2="3">
         <subfield code="a">genetic structure</subfield>
      </datafield>
      <datafield tag="650" ind1=" " ind2="3">
         <subfield code="a">geographic information systems</subfield>
      </datafield>
      <datafield tag="650" ind1=" " ind2="3">
         <subfield code="a">habitats</subfield>
      </datafield>
      <datafield tag="650" ind1=" " ind2="3">
         <subfield code="a">landscapes</subfield>
      </datafield>
      <datafield tag="650" ind1=" " ind2="3">
         <subfield code="a">model validation</subfield>
      </datafield>
      <datafield tag="650" ind1=" " ind2="3">
         <subfield code="a">permeability</subfield>
      </datafield>
      <datafield tag="650" ind1=" " ind2="3">
         <subfield code="a">plant communities</subfield>
      </datafield>
      <datafield tag="650" ind1=" " ind2="3">
         <subfield code="a">prediction</subfield>
      </datafield>
      <datafield tag="650" ind1=" " ind2="3">
         <subfield code="a">seed dispersal</subfield>
      </datafield>
      <datafield tag="650" ind1=" " ind2="3">
         <subfield code="a">statistical models</subfield>
      </datafield>
      <datafield tag="650" ind1=" " ind2="3">
         <subfield code="a">trees</subfield>
      </datafield>
      <datafield tag="650" ind1=" " ind2="3">
         <subfield code="a">vegetation</subfield>
      </datafield>
      <datafield tag="651" ind1=" " ind2="3">
         <subfield code="a">Germany</subfield>
      </datafield>
      <datafield tag="653" ind1=" " ind2="0">
         <subfield code="a">connectivity</subfield>
      </datafield>
      <datafield tag="653" ind1=" " ind2="0">
         <subfield code="a">floristic similarity</subfield>
      </datafield>
      <datafield tag="653" ind1=" " ind2="0">
         <subfield code="a">isolation</subfield>
      </datafield>
      <datafield tag="653" ind1=" " ind2="0">
         <subfield code="a">landscape</subfield>
      </datafield>
      <datafield tag="653" ind1=" " ind2="0">
         <subfield code="a">migration</subfield>
      </datafield>
      <datafield tag="653" ind1=" " ind2="0">
         <subfield code="a">least-cost distance</subfield>
      </datafield>
      <datafield tag="700" ind1="1" ind2=" ">
         <subfield code="a">Buchholz, Sascha</subfield>
         <subfield code="e">author</subfield>
         <subfield code="u">Department of Ecology, TU Berlin, Berlin, Germany</subfield>
      </datafield>
      <datafield tag="700" ind1="1" ind2=" ">
         <subfield code="a">Schirmel, Jens</subfield>
         <subfield code="e">author</subfield>
         <subfield code="u">Institute of Environmental Sciences, University Koblenz-Landau, Landau,
        Germany</subfield>
      </datafield>
      <datafield tag="773" ind1="0" ind2=" ">
         <subfield code="t">Journal of plant ecology.</subfield>
         <subfield code="g">2018 Mar. 06, v. 11, no. 3 p.385-393</subfield>
         <subfield code="d">Oxford University Press</subfield>
         <subfield code="w">Journal:J000000111</subfield>
         <subfield code="x">1752-993X</subfield>
         <subfield code="7">nnas</subfield>
      </datafield>
      <datafield tag="787" ind1="1" ind2=" ">
         <subfield code="o">islandora_article_repository</subfield>
      </datafield>
      <datafield tag="787" ind1="1" ind2=" ">
         <subfield code="o">product_pubag</subfield>
      </datafield>
      <datafield tag="787" ind1="1" ind2=" ">
         <subfield code="o">(Journal)J000000111</subfield>
      </datafield>
      <datafield tag="856" ind1="4" ind2="0">
         <subfield code="u">http://dx.doi.org/10.1093/jpe/rtx004</subfield>
         <subfield code="3">Available from publisher's site</subfield>
      </datafield>
      <datafield tag="912" ind1=" " ind2=" ">
         <subfield code="a">Article</subfield>
      </datafield>
      <datafield tag="914" ind1=" " ind2=" ">
         <subfield code="a">Journal:J000000111</subfield>
         <subfield code="b">1752-993X</subfield>
         <subfield code="c">11</subfield>
         <subfield code="d">3</subfield>
         <subfield code="e">385</subfield>
      </datafield>
      <datafield tag="914" ind1=" " ind2=" ">
         <subfield code="f">Journal of plant ecology</subfield>
      </datafield>
      <datafield tag="916" ind1=" " ind2=" ">
         <subfield code="a">Batch:2523</subfield>
      </datafield>
      <datafield tag="917" ind1=" " ind2=" ">
         <subfield code="a">issued</subfield>
      </datafield>
      <datafield tag="918" ind1="2" ind2=" ">
         <subfield code="a">Oxford University Press</subfield>
         <subfield code="e">provider</subfield>
         <subfield code="5">DNAL</subfield>
      </datafield>
      <datafield tag="935" ind1=" " ind2=" ">
         <subfield code="a">IND606735958</subfield>
         <subfield code="9">ExL</subfield>
      </datafield>
      <datafield tag="949" ind1=" " ind2=" ">
         <subfield code="a">2020-07-21</subfield>
      </datafield>
      <datafield tag="953" ind1=" " ind2=" ">
         <subfield code="a">/data/metadata/incoming/oxford/jpe11_3xml.zip</subfield>
      </datafield>
      <datafield tag="954" ind1=" " ind2=" ">
         <subfield code="a">file:/data/metadata/staging/oxford/rtx004.xml</subfield>
      </datafield>
      <datafield tag="955" ind1=" " ind2=" ">
         <subfield code="a">/data/metadata/staging/oxford/</subfield>
      </datafield>
      <datafield tag="962" ind1=" " ind2=" ">
         <subfield code="a">Batch:2523 reviewed on 2020-07-21T04:00:04Z</subfield>
      </datafield>
      <datafield tag="974" ind1=" " ind2=" ">
         <subfield code="a">agid:6735958</subfield>
      </datafield>
      <datafield tag="983" ind1=" " ind2=" ">
         <subfield code="a">2019-10-18</subfield>
      </datafield>
      <datafield tag="984" ind1=" " ind2=" ">
         <subfield code="a">2020-07-21</subfield>
      </datafield>
   </record>