
   <!--Record: 141-->
   <record>
      <leader>05118nab a2200709 u 4500</leader>
      <controlfield tag="001">9915862076007426</controlfield>
      <controlfield tag="005">20221119071852.0</controlfield>
      <controlfield tag="008">191018e20161224xx |||||o|||||||||||eng||</controlfield>
      <datafield tag="016" ind1="7" ind2=" ">
         <subfield code="a">IND606735952</subfield>
         <subfield code="2">DNAL</subfield>
      </datafield>
      <datafield tag="024" ind1="7" ind2=" ">
         <subfield code="a">10.1093/jpe/rtw141</subfield>
         <subfield code="2">doi</subfield>
      </datafield>
      <datafield tag="035" ind1=" " ind2=" ">
         <subfield code="a">agid:6735952-01nal_inst</subfield>
      </datafield>
      <datafield tag="040" ind1=" " ind2=" ">
         <subfield code="a">AGL</subfield>
         <subfield code="b">eng</subfield>
         <subfield code="c">AGL</subfield>
      </datafield>
      <datafield tag="100" ind1="1" ind2=" ">
         <subfield code="a">Pardo, Adara</subfield>
         <subfield code="e">author</subfield>
         <subfield code="u">Institute for Dehesa Research (INDEHESA), University of Extremadura,
        Plasencia, Spain</subfield>
      </datafield>
      <datafield tag="245" ind1="1" ind2="0">
         <subfield code="a">Intraspecific variation in heritable secondary metabolites and defensive
        strategies in a relict tree</subfield>
      </datafield>
      <datafield tag="300" ind1=" " ind2=" ">
         <subfield code="a">p. 256-265.</subfield>
      </datafield>
      <datafield tag="520" ind1=" " ind2=" ">
         <subfield code="a">Key herbivory interaction traits such as plant defensive compounds may
        differ among populations of a single species due to the spatial variation in herbivore
        feeding guilds and the strength of the interaction. Moreover, the genealogy of population
        lineages could represent an additional source of variation interacting with the predominant
        eco-clinal trends. We tested for the existence of genetically based intraspecific variation
        in chemical defence profiles across the range of the relict tree Prunus lusitanica L.
        Additionally, we investigated geographical variation in defence inducibility and tested for
        the existence of a trade-off between qualitative and quantitative defences. We conducted a
        greenhouse experiment where 210 plants were grown under a common environment, comprising 10
        different populations throughout the distribution range of the species and spanning three
        separate regions: Iberia, Morocco and Macaronesia. To test for the inducibility of defences,
        we artificially defoliated plants. Three treatments were established within each population:
        undamaged, defoliated and sampled after 2 h, and defoliated and sampled after 72 h. The
        concentration of cyanogenic glycosides (prunasin) and phenolics was determined in leaf
        samples for all treatments. Basal levels of cyanogenics and phenolics significantly differed
        among populations and regions across the range of P. lusitanica, with this variation having
        a heritable basis. Cyanogenics (prunasin) were significantly higher in ancient Macaronesian
        populations, while phenolic concentrations were larger in Iberia. The higher cyanogenic
        levels found in Macaronesia could be a consequence of the known stronger herbivory pressure
        in the islands than in Iberia or the likely longer coevolutionary history with herbivores in
        this region. These findings indicate that the geographical variation of key ecological
        traits such plant chemical defences can be imprinted by phylogeographical signals,
        particularly in relict species. Regarding defence inducibility, prunasin increased after
        simulated herbivory whereas phenolics mostly decreased after defoliation. Variation in
        defence inducibility across populations and regions was evident, although no consistent
        patterns related to the variation in herbivore feeding guilds were observed, particularly
        among regions with and without ungulate browsing pressure. Finally, a trade-off among
        induced levels of qualitative (prunasin) and quantitative (phenolics) defences was detected
        in one of the defoliated treatments, likely as a result of a stronger resource limitation in
        damaged plants.</subfield>
      </datafield>
      <datafield tag="592" ind1=" " ind2=" ">
         <subfield code="a">Publisher supplied data</subfield>
      </datafield>
      <datafield tag="593" ind1=" " ind2=" ">
         <subfield code="a">PubAg article</subfield>
      </datafield>
      <datafield tag="650" ind1=" " ind2="3">
         <subfield code="a">Prunus lusitanica</subfield>
      </datafield>
      <datafield tag="650" ind1=" " ind2="3">
         <subfield code="a">browsing</subfield>
      </datafield>
      <datafield tag="650" ind1=" " ind2="3">
         <subfield code="a">chemical defenses</subfield>
      </datafield>
      <datafield tag="650" ind1=" " ind2="3">
         <subfield code="a">cyanogenic glycosides</subfield>
      </datafield>
      <datafield tag="650" ind1=" " ind2="3">
         <subfield code="a">defoliation</subfield>
      </datafield>
      <datafield tag="650" ind1=" " ind2="3">
         <subfield code="a">geographical variation</subfield>
      </datafield>
      <datafield tag="650" ind1=" " ind2="3">
         <subfield code="a">greenhouse experimentation</subfield>
      </datafield>
      <datafield tag="650" ind1=" " ind2="3">
         <subfield code="a">herbivores</subfield>
      </datafield>
      <datafield tag="650" ind1=" " ind2="3">
         <subfield code="a">intraspecific variation</subfield>
      </datafield>
      <datafield tag="650" ind1=" " ind2="3">
         <subfield code="a">islands</subfield>
      </datafield>
      <datafield tag="650" ind1=" " ind2="3">
         <subfield code="a">leaves</subfield>
      </datafield>
      <datafield tag="650" ind1=" " ind2="3">
         <subfield code="a">phenolic compounds</subfield>
      </datafield>
      <datafield tag="650" ind1=" " ind2="3">
         <subfield code="a">phylogeography</subfield>
      </datafield>
      <datafield tag="650" ind1=" " ind2="3">
         <subfield code="a">prunasin</subfield>
      </datafield>
      <datafield tag="650" ind1=" " ind2="3">
         <subfield code="a">secondary metabolites</subfield>
      </datafield>
      <datafield tag="650" ind1=" " ind2="3">
         <subfield code="a">trees</subfield>
      </datafield>
      <datafield tag="650" ind1=" " ind2="3">
         <subfield code="a">ungulates</subfield>
      </datafield>
      <datafield tag="651" ind1=" " ind2="3">
         <subfield code="a">Iberian Peninsula</subfield>
      </datafield>
      <datafield tag="651" ind1=" " ind2="3">
         <subfield code="a">Morocco</subfield>
      </datafield>
      <datafield tag="653" ind1=" " ind2="0">
         <subfield code="a">herbivory</subfield>
      </datafield>
      <datafield tag="653" ind1=" " ind2="0">
         <subfield code="a">plant defences</subfield>
      </datafield>
      <datafield tag="653" ind1=" " ind2="0">
         <subfield code="a">relict flora</subfield>
      </datafield>
      <datafield tag="700" ind1="1" ind2=" ">
         <subfield code="a">Cáceres, Yonatan</subfield>
         <subfield code="e">author</subfield>
         <subfield code="u">Institute for Dehesa Research (INDEHESA), University of Extremadura,
        Plasencia, Spain</subfield>
      </datafield>
      <datafield tag="700" ind1="1" ind2=" ">
         <subfield code="a">Pulido, Fernando</subfield>
         <subfield code="e">author</subfield>
         <subfield code="u">Institute for Dehesa Research (INDEHESA), University of Extremadura,
        Plasencia, Spain</subfield>
      </datafield>
      <datafield tag="773" ind1="0" ind2=" ">
         <subfield code="t">Journal of plant ecology.</subfield>
         <subfield code="g">2016 Dec. 24, v. 11, no. 2 p.256-265</subfield>
         <subfield code="d">Oxford University Press</subfield>
         <subfield code="w">Journal:J000000111</subfield>
         <subfield code="x">1752-993X</subfield>
         <subfield code="7">nnas</subfield>
      </datafield>
      <datafield tag="787" ind1="1" ind2=" ">
         <subfield code="o">islandora_article_repository</subfield>
      </datafield>
      <datafield tag="787" ind1="1" ind2=" ">
         <subfield code="o">product_pubag</subfield>
      </datafield>
      <datafield tag="787" ind1="1" ind2=" ">
         <subfield code="o">(Journal)J000000111</subfield>
      </datafield>
      <datafield tag="856" ind1="4" ind2="0">
         <subfield code="u">http://dx.doi.org/10.1093/jpe/rtw141</subfield>
         <subfield code="3">Available from publisher's site</subfield>
      </datafield>
      <datafield tag="912" ind1=" " ind2=" ">
         <subfield code="a">Article</subfield>
      </datafield>
      <datafield tag="914" ind1=" " ind2=" ">
         <subfield code="a">Journal:J000000111</subfield>
         <subfield code="b">1752-993X</subfield>
         <subfield code="c">11</subfield>
         <subfield code="d">2</subfield>
         <subfield code="e">256</subfield>
      </datafield>
      <datafield tag="914" ind1=" " ind2=" ">
         <subfield code="f">Journal of plant ecology</subfield>
      </datafield>
      <datafield tag="916" ind1=" " ind2=" ">
         <subfield code="a">Batch:2523</subfield>
      </datafield>
      <datafield tag="917" ind1=" " ind2=" ">
         <subfield code="a">issued</subfield>
      </datafield>
      <datafield tag="918" ind1="2" ind2=" ">
         <subfield code="a">Oxford University Press</subfield>
         <subfield code="e">provider</subfield>
         <subfield code="5">DNAL</subfield>
      </datafield>
      <datafield tag="935" ind1=" " ind2=" ">
         <subfield code="a">IND606735952</subfield>
         <subfield code="9">ExL</subfield>
      </datafield>
      <datafield tag="949" ind1=" " ind2=" ">
         <subfield code="a">2020-07-21</subfield>
      </datafield>
      <datafield tag="953" ind1=" " ind2=" ">
         <subfield code="a">/data/metadata/incoming/oxford/jpe11_2xml.zip</subfield>
      </datafield>
      <datafield tag="954" ind1=" " ind2=" ">
         <subfield code="a">file:/data/metadata/staging/oxford/rtw141.xml</subfield>
      </datafield>
      <datafield tag="955" ind1=" " ind2=" ">
         <subfield code="a">/data/metadata/staging/oxford/</subfield>
      </datafield>
      <datafield tag="962" ind1=" " ind2=" ">
         <subfield code="a">Batch:2523 reviewed on 2020-07-21T04:00:04Z</subfield>
      </datafield>
      <datafield tag="974" ind1=" " ind2=" ">
         <subfield code="a">agid:6735952</subfield>
      </datafield>
      <datafield tag="983" ind1=" " ind2=" ">
         <subfield code="a">2019-10-18</subfield>
      </datafield>
      <datafield tag="984" ind1=" " ind2=" ">
         <subfield code="a">2020-07-21</subfield>
      </datafield>
   </record>