
   <!--Record: 142-->
   <record>
      <leader>04939nab a2200757 u 4500</leader>
      <controlfield tag="001">9915862228207426</controlfield>
      <controlfield tag="005">20221119073149.0</controlfield>
      <controlfield tag="008">220923e202210 xx |||||o|||||||||||eng||</controlfield>
      <datafield tag="016" ind1="7" ind2=" ">
         <subfield code="a">IND607944498</subfield>
         <subfield code="2">DNAL</subfield>
      </datafield>
      <datafield tag="024" ind1="7" ind2=" ">
         <subfield code="a">10.1111/geb.13529</subfield>
         <subfield code="2">doi</subfield>
      </datafield>
      <datafield tag="035" ind1=" " ind2=" ">
         <subfield code="a">agid:7944498-01nal_inst</subfield>
      </datafield>
      <datafield tag="040" ind1=" " ind2=" ">
         <subfield code="a">AGL</subfield>
         <subfield code="b">eng</subfield>
         <subfield code="c">AGL</subfield>
      </datafield>
      <datafield tag="100" ind1="1" ind2=" ">
         <subfield code="a">Talucci, Anna C.</subfield>
         <subfield code="e">author</subfield>
         <subfield code="u">Department of Geography, Colgate University, Hamilton, New York,
        USA</subfield>
         <subfield code="1">https://orcid.org/0000-0001-8415-4813</subfield>
      </datafield>
      <datafield tag="245" ind1="1" ind2="0">
         <subfield code="a">Spatial patterns of unburned refugia in Siberian larch forests during the
        exceptional 2020 fire season</subfield>
      </datafield>
      <datafield tag="300" ind1=" " ind2=" ">
         <subfield code="a">p. 2041-2055.</subfield>
      </datafield>
      <datafield tag="500" ind1=" " ind2=" ">
         <subfield code="a">JOURNAL ARTICLE</subfield>
      </datafield>
      <datafield tag="520" ind1=" " ind2=" ">
         <subfield code="a">AIM: Wildfire is an essential disturbance agent that creates burn mosaics,
        or a patchwork of burned and unburned areas across the landscape. Unburned patches, fire
        refugia, serve as carbon sinks and seed sources for forest regeneration in burned areas. In
        the Cajander larch (Larix cajanderi Mayr.) forests of north‐eastern Siberia, an
        unprecedented wildfire season in 2020 and little documentation of landscape patch dynamics
        have resulted in research gaps about the characteristics of fire refugia in northern
        latitude forests, which are warming faster than other global forest ecosystems. We aim to
        characterize the 2010 distribution of fire refugia for these forest ecosystems and evaluate
        their topographic drivers. LOCATION: North‐eastern Siberia across the North‐east Siberian
        Taiga and the Cherskii‐Kolyma Mountain Tundra ecozones. TIME PERIOD: 2001–2020. MAJOR TAXA
        STUDIED: Cajander larch. METHODS: We used Landsat imagery to define burned and unburned
        patches, and the Arctic digital elevation model to calculate topographic variables. We
        characterized the size and density of fire refugia. We sampled individual pixels
        (n = 80,000) from an image stack that included a binary burned/unburned, elevation, slope,
        aspect, topographic position index, ruggedness, and tree cover from 2001 to 2020. We
        evaluated the topographic drivers of fire refugia with boosted regression trees. RESULTS: We
        found no substantial difference in fire refugia size and density across the region. The fire
        refugia size averaged 7.2 ha (0.09–150,439 ha). The majority of interior burned patches
        exceed the potential wind dispersal distance from fire refugia. Topographic position index
        and terrain steepness were important predictors of fire refugia. MAIN CONCLUSIONS:
        Unprecedented wildfires in 2020 did not impact fire refugia formation. Fire refugia are
        strongly controlled by topographic positions such as uplands and lowlands that influence
        microsite hydrological conditions. Fire refugia contribute to postfire landscape
        heterogeneity that preserves ecosystem functions, seed sources, habitat, and carbon
        sinks.</subfield>
      </datafield>
      <datafield tag="592" ind1=" " ind2=" ">
         <subfield code="a">Publisher supplied data</subfield>
      </datafield>
      <datafield tag="593" ind1=" " ind2=" ">
         <subfield code="a">PubAg article</subfield>
      </datafield>
      <datafield tag="596" ind1=" " ind2=" ">
         <subfield code="a">OPP‐1708322</subfield>
         <subfield code="c">Office of Polar Programs</subfield>
      </datafield>
      <datafield tag="596" ind1=" " ind2=" ">
         <subfield code="a">OPP‐170837</subfield>
         <subfield code="c">Office of Polar Programs</subfield>
      </datafield>
      <datafield tag="596" ind1=" " ind2=" ">
         <subfield code="a">OPP‐2100773</subfield>
         <subfield code="c">Office of Polar Programs</subfield>
      </datafield>
      <datafield tag="650" ind1=" " ind2="3">
         <subfield code="a">Landsat</subfield>
      </datafield>
      <datafield tag="650" ind1=" " ind2="3">
         <subfield code="a">Larix gmelinii var. gmelinii</subfield>
      </datafield>
      <datafield tag="650" ind1=" " ind2="3">
         <subfield code="a">Larix sibirica</subfield>
      </datafield>
      <datafield tag="650" ind1=" " ind2="3">
         <subfield code="a">Siberia</subfield>
      </datafield>
      <datafield tag="650" ind1=" " ind2="3">
         <subfield code="a">biogeography</subfield>
      </datafield>
      <datafield tag="650" ind1=" " ind2="3">
         <subfield code="a">carbon</subfield>
      </datafield>
      <datafield tag="650" ind1=" " ind2="3">
         <subfield code="a">digital elevation models</subfield>
      </datafield>
      <datafield tag="650" ind1=" " ind2="3">
         <subfield code="a">ecological zones</subfield>
      </datafield>
      <datafield tag="650" ind1=" " ind2="3">
         <subfield code="a">ecosystems</subfield>
      </datafield>
      <datafield tag="650" ind1=" " ind2="3">
         <subfield code="a">fire season</subfield>
      </datafield>
      <datafield tag="650" ind1=" " ind2="3">
         <subfield code="a">forest regeneration</subfield>
      </datafield>
      <datafield tag="650" ind1=" " ind2="3">
         <subfield code="a">forests</subfield>
      </datafield>
      <datafield tag="650" ind1=" " ind2="3">
         <subfield code="a">hydrology</subfield>
      </datafield>
      <datafield tag="650" ind1=" " ind2="3">
         <subfield code="a">landscapes</subfield>
      </datafield>
      <datafield tag="650" ind1=" " ind2="3">
         <subfield code="a">latitude</subfield>
      </datafield>
      <datafield tag="650" ind1=" " ind2="3">
         <subfield code="a">refuge habitats</subfield>
      </datafield>
      <datafield tag="650" ind1=" " ind2="3">
         <subfield code="a">taiga</subfield>
      </datafield>
      <datafield tag="650" ind1=" " ind2="3">
         <subfield code="a">topography</subfield>
      </datafield>
      <datafield tag="650" ind1=" " ind2="3">
         <subfield code="a">trees</subfield>
      </datafield>
      <datafield tag="650" ind1=" " ind2="3">
         <subfield code="a">tundra</subfield>
      </datafield>
      <datafield tag="650" ind1=" " ind2="3">
         <subfield code="a">wildfires</subfield>
      </datafield>
      <datafield tag="650" ind1=" " ind2="3">
         <subfield code="a">wind</subfield>
      </datafield>
      <datafield tag="700" ind1="1" ind2=" ">
         <subfield code="a">Loranty, Michael M.</subfield>
         <subfield code="e">author</subfield>
         <subfield code="u">Department of Geography, Colgate University, Hamilton, New York,
        USA</subfield>
         <subfield code="1">https://orcid.org/0000-0001-8851-7386</subfield>
      </datafield>
      <datafield tag="700" ind1="1" ind2=" ">
         <subfield code="a">Alexander, Heather D.</subfield>
         <subfield code="e">author</subfield>
         <subfield code="u">School of Forestry and Wildlife Sciences, Auburn University, Auburn,
        Alabama, USA</subfield>
         <subfield code="1">https://orcid.org/0000-0003-1307-8483</subfield>
      </datafield>
      <datafield tag="773" ind1="0" ind2=" ">
         <subfield code="t">Global ecology and biogeography.</subfield>
         <subfield code="g">2022 Oct., v. 31, no. 10 p.2041-2055</subfield>
         <subfield code="d">John Wiley &amp; Sons, Ltd</subfield>
         <subfield code="w">Journal:jnl3920180</subfield>
         <subfield code="x">1466-822X</subfield>
         <subfield code="7">nnas</subfield>
      </datafield>
      <datafield tag="787" ind1="1" ind2=" ">
         <subfield code="o">islandora_article_repository</subfield>
      </datafield>
      <datafield tag="787" ind1="1" ind2=" ">
         <subfield code="o">product_pubag</subfield>
      </datafield>
      <datafield tag="787" ind1="1" ind2=" ">
         <subfield code="o">(Journal)jnl3920180</subfield>
      </datafield>
      <datafield tag="856" ind1="4" ind2="0">
         <subfield code="u">https://dx.doi.org/10.1111/geb.13529</subfield>
         <subfield code="3">Available from publisher's site</subfield>
      </datafield>
      <datafield tag="912" ind1=" " ind2=" ">
         <subfield code="a">Article</subfield>
      </datafield>
      <datafield tag="914" ind1=" " ind2=" ">
         <subfield code="a">Journal:jnl3920180</subfield>
         <subfield code="b">1466-822X</subfield>
         <subfield code="c">31</subfield>
         <subfield code="d">10</subfield>
         <subfield code="e">2041</subfield>
      </datafield>
      <datafield tag="914" ind1=" " ind2=" ">
         <subfield code="f">Global ecology and biogeography</subfield>
      </datafield>
      <datafield tag="916" ind1=" " ind2=" ">
         <subfield code="a">Batch:10269</subfield>
      </datafield>
      <datafield tag="917" ind1=" " ind2=" ">
         <subfield code="a">issued</subfield>
      </datafield>
      <datafield tag="918" ind1="2" ind2=" ">
         <subfield code="a">John Wiley &amp; Sons, Inc</subfield>
         <subfield code="e">provider</subfield>
         <subfield code="5">DNAL</subfield>
      </datafield>
      <datafield tag="935" ind1=" " ind2=" ">
         <subfield code="a">IND607944498</subfield>
         <subfield code="9">ExL</subfield>
      </datafield>
      <datafield tag="949" ind1=" " ind2=" ">
         <subfield code="a">2022-09-23</subfield>
      </datafield>
      <datafield tag="952" ind1=" " ind2=" ">
         <subfield code="d">NAL-AP-2-clean</subfield>
      </datafield>
      <datafield tag="953" ind1=" " ind2=" ">
         <subfield code="a">/data/metadata/incoming/wiley/1466822X_2022_31_10.xml</subfield>
      </datafield>
      <datafield tag="954" ind1=" " ind2=" ">
         <subfield code="a">file:/data/metadata/staging/wiley/1466822X_2022_31_10.xml</subfield>
      </datafield>
      <datafield tag="955" ind1=" " ind2=" ">
         <subfield code="a">/data/metadata/staging/wiley/</subfield>
      </datafield>
      <datafield tag="974" ind1=" " ind2=" ">
         <subfield code="a">agid:7944498</subfield>
      </datafield>
      <datafield tag="983" ind1=" " ind2=" ">
         <subfield code="a">2022-09-23</subfield>
      </datafield>
      <datafield tag="984" ind1=" " ind2=" ">
         <subfield code="a">2022-09-23</subfield>
      </datafield>
   </record>