
   <!--Record: 145-->
   <record>
      <leader>05498nab a2200745 u 4500</leader>
      <controlfield tag="001">9915862592007426</controlfield>
      <controlfield tag="005">20221119073340.0</controlfield>
      <controlfield tag="008">210201e20200615xx |||||o|||||||||||eng||</controlfield>
      <datafield tag="016" ind1="7" ind2=" ">
         <subfield code="a">IND606878949</subfield>
         <subfield code="2">DNAL</subfield>
      </datafield>
      <datafield tag="024" ind1="7" ind2=" ">
         <subfield code="a">10.1016/j.jenvman.2020.110462</subfield>
         <subfield code="2">doi</subfield>
      </datafield>
      <datafield tag="035" ind1=" " ind2=" ">
         <subfield code="a">agid:6878949-01nal_inst</subfield>
      </datafield>
      <datafield tag="040" ind1=" " ind2=" ">
         <subfield code="a">AGL</subfield>
         <subfield code="b">eng</subfield>
         <subfield code="c">AGL</subfield>
      </datafield>
      <datafield tag="100" ind1="1" ind2=" ">
         <subfield code="a">Alterio, Edoardo</subfield>
         <subfield code="e">author</subfield>
         <subfield code="u">Department of Land, Environment, Agriculture and Forestry, Università degli
        Studi di Padova, Viale dell'Università 16, Legnaro, 35020, Padova, Italy</subfield>
      </datafield>
      <datafield tag="245" ind1="1" ind2="0">
         <subfield code="a">Preserving air pollution forest archives accessible through
        dendrochemistry</subfield>
      </datafield>
      <datafield tag="520" ind1=" " ind2=" ">
         <subfield code="a">Plants are continuously exposed to human air pollution, absorbing
        pollutants in their tissues. Trees can store pollutants in wood, in the annual growth rings,
        retaining traces of pollutants in the environment. Information on past pollution events are
        archived by trees, which dendrochemistry, a dendrochronological science combined with
        chemistry, is able to access. Many authors have suggested that trees could complement the
        conventional environmental monitoring: a forest archive of pollution events. However, the
        implications of trees occurrence in polluted areas on planning and management have not yet
        been discussed. In this article, we investigate whether forest archives exist and whether
        they should be integrated into the network of existing monitoring stations. We use a case
        study, the Veneto region of Italy, one of the most polluted areas in Europe, to examine the
        occurrence of trees around 28 industrial plants retrieved from a European pollution
        register. We propose planning actions to develop the latent potential of these forest
        archives for environmental monitoring, which society may benefit. We follow three steps: (a)
        assessing the cover and composition of tree canopies around the industrial plants, (b)
        inventorying the existing artificial air monitoring stations in order to discover whether
        pollutants around the industrial plants are already monitored, (c) assessing land use
        patterns in order to identify which are the receptors of air pollution and enhance the
        forest archive in the future. These spatial analyses are conducted in a 1-km radius buffer
        with the industrial plant as the centre. Results show that forest archives are available,
        with cover and composition suitable for dendrochemistry studies. Artificial monitoring
        stations are too far from industrial plants or have been installed recently, unable to
        provide historical data. Trees are an alternative source of pollution data. Receptors of air
        pollution include a diversity of urban, rural and agricultural lands, where forest archives
        can be managed and conserved through a variety of actions. Environmental protection agencies
        should value these trees, preserving them and accessing the records held in this forest
        archive. Similar inventories must be promoted in other industrialised regions of the world
        even at larger scales. Studies like this one should also be incorporated into landscape or
        urban planning processes.</subfield>
      </datafield>
      <datafield tag="592" ind1=" " ind2=" ">
         <subfield code="a">Publisher supplied data</subfield>
      </datafield>
      <datafield tag="593" ind1=" " ind2=" ">
         <subfield code="a">PubAg article</subfield>
      </datafield>
      <datafield tag="650" ind1=" " ind2="3">
         <subfield code="a">agricultural land</subfield>
      </datafield>
      <datafield tag="650" ind1=" " ind2="3">
         <subfield code="a">air</subfield>
      </datafield>
      <datafield tag="650" ind1=" " ind2="3">
         <subfield code="a">air pollution</subfield>
      </datafield>
      <datafield tag="650" ind1=" " ind2="3">
         <subfield code="a">canopy</subfield>
      </datafield>
      <datafield tag="650" ind1=" " ind2="3">
         <subfield code="a">case studies</subfield>
      </datafield>
      <datafield tag="650" ind1=" " ind2="3">
         <subfield code="a">dendrochronology</subfield>
      </datafield>
      <datafield tag="650" ind1=" " ind2="3">
         <subfield code="a">environmental monitoring</subfield>
      </datafield>
      <datafield tag="650" ind1=" " ind2="3">
         <subfield code="a">environmental protection</subfield>
      </datafield>
      <datafield tag="650" ind1=" " ind2="3">
         <subfield code="a">forests</subfield>
      </datafield>
      <datafield tag="650" ind1=" " ind2="3">
         <subfield code="a">growth rings</subfield>
      </datafield>
      <datafield tag="650" ind1=" " ind2="3">
         <subfield code="a">humans</subfield>
      </datafield>
      <datafield tag="650" ind1=" " ind2="3">
         <subfield code="a">industrialization</subfield>
      </datafield>
      <datafield tag="650" ind1=" " ind2="3">
         <subfield code="a">inventories</subfield>
      </datafield>
      <datafield tag="650" ind1=" " ind2="3">
         <subfield code="a">land use</subfield>
      </datafield>
      <datafield tag="650" ind1=" " ind2="3">
         <subfield code="a">landscapes</subfield>
      </datafield>
      <datafield tag="650" ind1=" " ind2="3">
         <subfield code="a">pollutants</subfield>
      </datafield>
      <datafield tag="650" ind1=" " ind2="3">
         <subfield code="a">rural areas</subfield>
      </datafield>
      <datafield tag="650" ind1=" " ind2="3">
         <subfield code="a">trees</subfield>
      </datafield>
      <datafield tag="650" ind1=" " ind2="3">
         <subfield code="a">urban planning</subfield>
      </datafield>
      <datafield tag="650" ind1=" " ind2="3">
         <subfield code="a">wood</subfield>
      </datafield>
      <datafield tag="651" ind1=" " ind2="3">
         <subfield code="a">Italy</subfield>
      </datafield>
      <datafield tag="653" ind1=" " ind2="0">
         <subfield code="a">Dendrochemistry</subfield>
      </datafield>
      <datafield tag="653" ind1=" " ind2="0">
         <subfield code="a">Environmental planning</subfield>
      </datafield>
      <datafield tag="653" ind1=" " ind2="0">
         <subfield code="a">Air pollution</subfield>
      </datafield>
      <datafield tag="653" ind1=" " ind2="0">
         <subfield code="a">Environmental monitoring</subfield>
      </datafield>
      <datafield tag="700" ind1="1" ind2=" ">
         <subfield code="a">Cocozza, Claudia</subfield>
         <subfield code="e">author</subfield>
         <subfield code="u">Department of Agriculture, Food, Environment and Forestry, Università degli
        Studi di Firenze, Via San Bonaventura 13, 50145, Florence, Italy</subfield>
      </datafield>
      <datafield tag="700" ind1="1" ind2=" ">
         <subfield code="a">Chirici, Gherardo</subfield>
         <subfield code="e">author</subfield>
         <subfield code="u">Department of Agriculture, Food, Environment and Forestry, Università degli
        Studi di Firenze, Via San Bonaventura 13, 50145, Florence, Italy</subfield>
      </datafield>
      <datafield tag="700" ind1="1" ind2=" ">
         <subfield code="a">Rizzi, Andrea</subfield>
         <subfield code="e">author</subfield>
         <subfield code="u">Department of Land, Environment, Agriculture and Forestry, Università degli
        Studi di Padova, Viale dell'Università 16, Legnaro, 35020, Padova, Italy</subfield>
      </datafield>
      <datafield tag="700" ind1="1" ind2=" ">
         <subfield code="a">Sitzia, Tommaso</subfield>
         <subfield code="e">author</subfield>
         <subfield code="u">Department of Land, Environment, Agriculture and Forestry, Università degli
        Studi di Padova, Viale dell'Università 16, Legnaro, 35020, Padova, Italy</subfield>
      </datafield>
      <datafield tag="773" ind1="0" ind2=" ">
         <subfield code="t">Journal of environmental management.</subfield>
         <subfield code="g">2020 June 15, v. 264 p.110462-</subfield>
         <subfield code="d">Elsevier Ltd</subfield>
         <subfield code="w">Journal:2018</subfield>
         <subfield code="x">0301-4797</subfield>
         <subfield code="7">nnas</subfield>
      </datafield>
      <datafield tag="787" ind1="1" ind2=" ">
         <subfield code="o">islandora_article_repository</subfield>
      </datafield>
      <datafield tag="787" ind1="1" ind2=" ">
         <subfield code="o">product_pubag</subfield>
      </datafield>
      <datafield tag="787" ind1="1" ind2=" ">
         <subfield code="o">(Journal)2018</subfield>
      </datafield>
      <datafield tag="856" ind1="4" ind2="0">
         <subfield code="u">https://dx.doi.org/10.1016/j.jenvman.2020.110462</subfield>
         <subfield code="3">Available from publisher's site</subfield>
      </datafield>
      <datafield tag="912" ind1=" " ind2=" ">
         <subfield code="a">Article</subfield>
      </datafield>
      <datafield tag="914" ind1=" " ind2=" ">
         <subfield code="a">Journal:2018</subfield>
         <subfield code="b">0301-4797</subfield>
         <subfield code="c">264</subfield>
         <subfield code="e">110462</subfield>
      </datafield>
      <datafield tag="914" ind1=" " ind2=" ">
         <subfield code="f">Journal of environmental management</subfield>
      </datafield>
      <datafield tag="916" ind1=" " ind2=" ">
         <subfield code="a">Batch:2469</subfield>
      </datafield>
      <datafield tag="917" ind1=" " ind2=" ">
         <subfield code="a">issued</subfield>
      </datafield>
      <datafield tag="918" ind1="2" ind2=" ">
         <subfield code="a">Elsevier Consyn</subfield>
         <subfield code="e">provider</subfield>
         <subfield code="5">DNAL</subfield>
      </datafield>
      <datafield tag="935" ind1=" " ind2=" ">
         <subfield code="a">IND606878949</subfield>
         <subfield code="9">ExL</subfield>
      </datafield>
      <datafield tag="949" ind1=" " ind2=" ">
         <subfield code="a">2020-05-15</subfield>
      </datafield>
      <datafield tag="953" ind1=" " ind2=" ">
         <subfield code="a">/data/metadata/incoming/consyn/753237420489071479-00003-HEAD-ONLY-NEW
        CONSYN ISSNS.ZIP</subfield>
      </datafield>
      <datafield tag="954" ind1=" " ind2=" ">
         <subfield code="a">file:/data/metadata/staging/consyn/S0301479720303960.xml</subfield>
      </datafield>
      <datafield tag="955" ind1=" " ind2=" ">
         <subfield code="a">/data/metadata/staging/consyn/</subfield>
      </datafield>
      <datafield tag="974" ind1=" " ind2=" ">
         <subfield code="a">agid:6878949</subfield>
      </datafield>
      <datafield tag="983" ind1=" " ind2=" ">
         <subfield code="a">2021-02-01</subfield>
      </datafield>
      <datafield tag="984" ind1=" " ind2=" ">
         <subfield code="a">2021-02-01</subfield>
      </datafield>
   </record>