
   <!--Record: 147-->
   <record>
      <leader>06398nab a2200745 u 4500</leader>
      <controlfield tag="001">9915863270707426</controlfield>
      <controlfield tag="005">20221119081008.0</controlfield>
      <controlfield tag="008">220523e20220315xx |||||o|||||||||||eng||</controlfield>
      <datafield tag="016" ind1="7" ind2=" ">
         <subfield code="a">IND607629663</subfield>
         <subfield code="2">DNAL</subfield>
      </datafield>
      <datafield tag="024" ind1="7" ind2=" ">
         <subfield code="a">10.1016/j.rse.2022.112904</subfield>
         <subfield code="2">doi</subfield>
      </datafield>
      <datafield tag="035" ind1=" " ind2=" ">
         <subfield code="a">agid:7629663-01nal_inst</subfield>
      </datafield>
      <datafield tag="040" ind1=" " ind2=" ">
         <subfield code="a">AGL</subfield>
         <subfield code="b">eng</subfield>
         <subfield code="c">AGL</subfield>
      </datafield>
      <datafield tag="100" ind1="1" ind2=" ">
         <subfield code="a">White, Joanne C.</subfield>
         <subfield code="e">author</subfield>
         <subfield code="u">Canadian Forest Service, (Pacific Forestry Centre), Natural Resources
        Canada, 506 West Burnside Road, Victoria, BC V8Z 1M5, Canada</subfield>
      </datafield>
      <datafield tag="245" ind1="1" ind2="0">
         <subfield code="a">Mapping, validating, and interpreting spatio-temporal trends in
        post-disturbance forest recovery</subfield>
      </datafield>
      <datafield tag="506" ind1=" " ind2=" ">
         <subfield code="a">Creative Commons Attribution 4.0 Generic (CC BY 4.0)</subfield>
         <subfield code="u">http://creativecommons.org/licenses/by/4.0/</subfield>
         <subfield code="f">Unrestricted online access</subfield>
         <subfield code="2">star</subfield>
      </datafield>
      <datafield tag="506" ind1=" " ind2=" ">
         <subfield code="a">Resource is Open Access</subfield>
         <subfield code="u">http://purl.org/eprint/accessRights/OpenAccess</subfield>
         <subfield code="f">Unrestricted online access</subfield>
         <subfield code="2">star</subfield>
      </datafield>
      <datafield tag="520" ind1=" " ind2=" ">
         <subfield code="a">The success and rate of forest regeneration has consequences for
        sustainable forest management, climate change mitigation, and biodiversity, among others.
        Systematically monitoring forest regeneration over large and often remote areas is
        challenging. Remotely sensed data and associated analytical approaches have demonstrated
        consistent and transparent options for spatially-explicit characterization of vegetation
        return following disturbance. Moreover, time series of satellite imagery enable the
        establishment of spatially meaningful recovery baselines that can provide a benchmark for
        identifying areas that are either under- or over-performing relative to those baselines.
        This information allows for the investigation and/or prioritization of areas requiring some
        form of management intervention, including guiding tree planting initiatives. In this
        research, we assess recovery following stand replacing disturbances for the 650 Mha forested
        ecosystems of Canada for the period 1985–2017, wherein ~51 Mha of Canada's forested
        ecosystems were impacted by wildfire, and ~ 21 Mha were impacted by harvesting. For
        quantification of forest recovery, we implement the Years to Recovery or Y2R metric using
        Landsat time series data based on the Normalized Burn Ratio (NBR) to relate the number of
        years required for a pixel to return to 80% of its pre-disturbance NBR value. By the end of
        the analyzed period, 76% of areas impacted by wildfire were considered spectrally recovered
        compared to 93% of harvested areas. On average, we found that harvest areas had more rapid
        spectral recovery (mean Y2R = 6.1 years) than wildfire (mean Y2R = 10.6 years) and
        importantly, that Y2R varied by ecozone, disturbance type, pre-disturbance land cover, and
        latitude. We used airborne laser scanning data to assess whether pixels that were considered
        spectrally recovered had attained United Nations Food and Agricultural Organization
        benchmarks of canopy height (&gt;5 m) and cover (&gt;10%) across four geographic regions
        representing different forest types. Overall, 87% and 97% of recovered pixels sampled in
        harvests and wildfires, respectively, had achieved at least one of the benchmarks, with
        benchmarks of height more readily achieved than benchmarks of cover. By analyzing spatial
        patterns of Y2R, we identified areas that had significant positive or negative spatial
        clustering in their rate of spectral recovery. Approximately 3.5–4% of areas disturbed by
        wildfire or harvest had significant positive spatial clustering, indicative of slower
        spectral recovery rates; these areas were also less likely to have attained benchmarks of
        height and cover. Conversely, we identified significant negative spatial clustering for
        0.94% of areas recovering from harvest and 1.93% of areas recovering from wildfire,
        indicative of spectral recovery that was more rapid than the ecozonal baseline. Herein, we
        demonstrated that remote sensing can provide spatial intelligence on the nature of
        disturbance-recovery dynamics in forested ecosystems over large areas and moreover, can
        retrospectively quantify and characterize historic forest recovery trends within the past
        three decades that have implications for forest management, climate change mitigation, and
        restoration initiatives in the near term.</subfield>
      </datafield>
      <datafield tag="592" ind1=" " ind2=" ">
         <subfield code="a">Publisher supplied data</subfield>
      </datafield>
      <datafield tag="593" ind1=" " ind2=" ">
         <subfield code="a">PubAg article</subfield>
      </datafield>
      <datafield tag="650" ind1=" " ind2="3">
         <subfield code="a">Food and Agriculture Organization</subfield>
      </datafield>
      <datafield tag="650" ind1=" " ind2="3">
         <subfield code="a">Landsat</subfield>
      </datafield>
      <datafield tag="650" ind1=" " ind2="3">
         <subfield code="a">biodiversity</subfield>
      </datafield>
      <datafield tag="650" ind1=" " ind2="3">
         <subfield code="a">canopy height</subfield>
      </datafield>
      <datafield tag="650" ind1=" " ind2="3">
         <subfield code="a">climate change</subfield>
      </datafield>
      <datafield tag="650" ind1=" " ind2="3">
         <subfield code="a">environment</subfield>
      </datafield>
      <datafield tag="650" ind1=" " ind2="3">
         <subfield code="a">forest management</subfield>
      </datafield>
      <datafield tag="650" ind1=" " ind2="3">
         <subfield code="a">forest regeneration</subfield>
      </datafield>
      <datafield tag="650" ind1=" " ind2="3">
         <subfield code="a">land cover</subfield>
      </datafield>
      <datafield tag="650" ind1=" " ind2="3">
         <subfield code="a">latitude</subfield>
      </datafield>
      <datafield tag="650" ind1=" " ind2="3">
         <subfield code="a">prioritization</subfield>
      </datafield>
      <datafield tag="650" ind1=" " ind2="3">
         <subfield code="a">remote sensing</subfield>
      </datafield>
      <datafield tag="650" ind1=" " ind2="3">
         <subfield code="a">sustainable forestry</subfield>
      </datafield>
      <datafield tag="650" ind1=" " ind2="3">
         <subfield code="a">time series analysis</subfield>
      </datafield>
      <datafield tag="650" ind1=" " ind2="3">
         <subfield code="a">trees</subfield>
      </datafield>
      <datafield tag="650" ind1=" " ind2="3">
         <subfield code="a">wildfires</subfield>
      </datafield>
      <datafield tag="651" ind1=" " ind2="3">
         <subfield code="a">Canada</subfield>
      </datafield>
      <datafield tag="653" ind1=" " ind2="0">
         <subfield code="a">Wildfire</subfield>
      </datafield>
      <datafield tag="653" ind1=" " ind2="0">
         <subfield code="a">Harvest</subfield>
      </datafield>
      <datafield tag="653" ind1=" " ind2="0">
         <subfield code="a">Regeneration</subfield>
      </datafield>
      <datafield tag="653" ind1=" " ind2="0">
         <subfield code="a">Landsat</subfield>
      </datafield>
      <datafield tag="653" ind1=" " ind2="0">
         <subfield code="a">Canada</subfield>
      </datafield>
      <datafield tag="653" ind1=" " ind2="0">
         <subfield code="a">Lidar</subfield>
      </datafield>
      <datafield tag="653" ind1=" " ind2="0">
         <subfield code="a">ALS</subfield>
      </datafield>
      <datafield tag="700" ind1="1" ind2=" ">
         <subfield code="a">Hermosilla, Txomin</subfield>
         <subfield code="e">author</subfield>
         <subfield code="u">Canadian Forest Service, (Pacific Forestry Centre), Natural Resources
        Canada, 506 West Burnside Road, Victoria, BC V8Z 1M5, Canada</subfield>
      </datafield>
      <datafield tag="700" ind1="1" ind2=" ">
         <subfield code="a">Wulder, Michael A.</subfield>
         <subfield code="e">author</subfield>
         <subfield code="u">Canadian Forest Service, (Pacific Forestry Centre), Natural Resources
        Canada, 506 West Burnside Road, Victoria, BC V8Z 1M5, Canada</subfield>
      </datafield>
      <datafield tag="700" ind1="1" ind2=" ">
         <subfield code="a">Coops, Nicholas C.</subfield>
         <subfield code="e">author</subfield>
         <subfield code="u">Faculty of Forestry, 2424 Main Mall, University of British Columbia,
        Vancouver, BC V6T 1Z4, Canada</subfield>
      </datafield>
      <datafield tag="773" ind1="0" ind2=" ">
         <subfield code="t">Remote sensing of environment.</subfield>
         <subfield code="g">2022 Mar. 15, v. 271 p.112904-</subfield>
         <subfield code="d">Elsevier Inc.</subfield>
         <subfield code="w">Journal:11735</subfield>
         <subfield code="x">0034-4257</subfield>
         <subfield code="7">nnas</subfield>
      </datafield>
      <datafield tag="787" ind1="1" ind2=" ">
         <subfield code="o">islandora_article_repository</subfield>
      </datafield>
      <datafield tag="787" ind1="1" ind2=" ">
         <subfield code="o">product_pubag</subfield>
      </datafield>
      <datafield tag="787" ind1="1" ind2=" ">
         <subfield code="o">(Journal)11735</subfield>
      </datafield>
      <datafield tag="856" ind1="4" ind2="0">
         <subfield code="u">https://dx.doi.org/10.1016/j.rse.2022.112904</subfield>
         <subfield code="3">Available from publisher's site</subfield>
      </datafield>
      <datafield tag="912" ind1=" " ind2=" ">
         <subfield code="a">Article</subfield>
      </datafield>
      <datafield tag="914" ind1=" " ind2=" ">
         <subfield code="a">Journal:11735</subfield>
         <subfield code="b">0034-4257</subfield>
         <subfield code="e">112904</subfield>
      </datafield>
      <datafield tag="914" ind1=" " ind2=" ">
         <subfield code="f">Remote sensing of environment</subfield>
      </datafield>
      <datafield tag="916" ind1=" " ind2=" ">
         <subfield code="a">Batch:10227</subfield>
      </datafield>
      <datafield tag="917" ind1=" " ind2=" ">
         <subfield code="a">issued</subfield>
      </datafield>
      <datafield tag="918" ind1="2" ind2=" ">
         <subfield code="a">Elsevier Consyn</subfield>
         <subfield code="e">provider</subfield>
         <subfield code="5">DNAL</subfield>
      </datafield>
      <datafield tag="935" ind1=" " ind2=" ">
         <subfield code="a">IND607629663</subfield>
         <subfield code="9">ExL</subfield>
      </datafield>
      <datafield tag="949" ind1=" " ind2=" ">
         <subfield code="a">2022-02-22</subfield>
      </datafield>
      <datafield tag="953" ind1=" " ind2=" ">
         <subfield code="a">/data/metadata/incoming/consyn/175079966703713205-00001-HEAD-ONLY-NEW
        CONSYN ISSNS.zip</subfield>
      </datafield>
      <datafield tag="954" ind1=" " ind2=" ">
         <subfield code="a">file:/data/metadata/staging/consyn/S0034425722000189.xml</subfield>
      </datafield>
      <datafield tag="955" ind1=" " ind2=" ">
         <subfield code="a">/data/metadata/staging/consyn/</subfield>
      </datafield>
      <datafield tag="974" ind1=" " ind2=" ">
         <subfield code="a">agid:7629663</subfield>
      </datafield>
      <datafield tag="983" ind1=" " ind2=" ">
         <subfield code="a">2022-05-23</subfield>
      </datafield>
      <datafield tag="984" ind1=" " ind2=" ">
         <subfield code="a">2022-05-23</subfield>
      </datafield>
   </record>