
   <!--Record: 149-->
   <record>
      <leader>06105nab a2200781 u 4500</leader>
      <controlfield tag="001">9915863465907426</controlfield>
      <controlfield tag="005">20221119081111.0</controlfield>
      <controlfield tag="008">221003e202210 xx |||||o|||||||||||eng||</controlfield>
      <datafield tag="016" ind1="7" ind2=" ">
         <subfield code="a">IND607952176</subfield>
         <subfield code="2">DNAL</subfield>
      </datafield>
      <datafield tag="024" ind1="7" ind2=" ">
         <subfield code="a">10.1111/1365-2664.14270</subfield>
         <subfield code="2">doi</subfield>
      </datafield>
      <datafield tag="035" ind1=" " ind2=" ">
         <subfield code="a">agid:7952176-01nal_inst</subfield>
      </datafield>
      <datafield tag="040" ind1=" " ind2=" ">
         <subfield code="a">AGL</subfield>
         <subfield code="b">eng</subfield>
         <subfield code="c">AGL</subfield>
      </datafield>
      <datafield tag="100" ind1="1" ind2=" ">
         <subfield code="a">Carvalho, Raquel L.</subfield>
         <subfield code="e">author</subfield>
         <subfield code="u">Instituto de Biologia, Universidade Federal de Uberlândia, Uberlândia,
        Brazil</subfield>
         <subfield code="1">https://orcid.org/0000-0003-3734-0271</subfield>
      </datafield>
      <datafield tag="245" ind1="1" ind2="0">
         <subfield code="a">Interactions between land use, taxonomic group and aspects and levels of
        diversity in a Brazilian savanna: Implications for the use of bioindicators</subfield>
      </datafield>
      <datafield tag="300" ind1=" " ind2=" ">
         <subfield code="a">p. 2642-2653.</subfield>
      </datafield>
      <datafield tag="500" ind1=" " ind2=" ">
         <subfield code="a">JOURNAL ARTICLE</subfield>
      </datafield>
      <datafield tag="520" ind1=" " ind2=" ">
         <subfield code="a">The conversion of natural habitats into anthropogenic uses is a key driver
        of global biodiversity loss, but effects can vary among taxa and diversity metrics. This has
        important implications for the use of bioindicators in land management. We evaluated the
        local‐scale responses of multiple faunal taxa to land‐use change in the Brazilian Cerrado
        measuring different aspects (taxonomic and functional) and levels (alpha and beta) of
        diversity. We compared ant, dung beetle and bird assemblages inhabiting remnants of natural
        habitat (savanna and semi‐deciduous forest) with those found in cattle pastures, soy fields
        or Eucalyptus plantations. Species richness was markedly higher in natural habitats for ants
        and birds but not for dung beetles. Effects on functional alpha diversity were taxon
        specific and there was not such a contrast between natural and anthropogenic habitats.
        Patterns of functional beta diversity were correlated with patterns of taxonomic beta
        diversity and were also taxon specific. For dung beetles, site‐to‐site variation in
        taxonomic and functional composition was greatest in forests, whereas birds tended to
        present greater spatial turnover and ants greater nestedeness in the anthropogenic than in
        the natural habitats. Among the three anthropogenic land uses, tree plantations presented
        the most similar composition to natural habitat for all taxa. Overall, similarity in
        taxonomic and functional composition between natural and anthropogenic habitats was greater
        for savanna than forest. Synthesis and applications. The responses of ant, dung beetle and
        bird assemblages to land‐use change in the Cerrado were highly variable. Nonetheless,
        results indicate that the extent of impacts on biodiversity reflects the extent of habitat
        transformation and that impacts at a landscape scale may be reduced by a mix of land uses.
        We showed that effects were more severe from a taxonomic than from a functional perspective,
        for the forest than for the savanna‐associated fauna, for the ant and bird than for the dung
        beetle fauna, and often in lands devoted to intensive agriculture rather than to pastoralism
        or plantation forestry. Our findings can help guide the selection and assessment of
        indicator taxa and the interpretation of exactly what they are indicating.</subfield>
      </datafield>
      <datafield tag="592" ind1=" " ind2=" ">
         <subfield code="a">Publisher supplied data</subfield>
      </datafield>
      <datafield tag="593" ind1=" " ind2=" ">
         <subfield code="a">PubAg article</subfield>
      </datafield>
      <datafield tag="596" ind1=" " ind2=" ">
         <subfield code="a">441225/2016‐0</subfield>
         <subfield code="c">Conselho Nacional de Desenvolvimento Científico e Tecnológico</subfield>
      </datafield>
      <datafield tag="596" ind1=" " ind2=" ">
         <subfield code="a">03202‐13</subfield>
         <subfield code="c">Fundação de Amparo à Pesquisa do Estado de Minas Gerais</subfield>
      </datafield>
      <datafield tag="596" ind1=" " ind2=" ">
         <subfield code="a">04815‐17</subfield>
         <subfield code="c">Fundação de Amparo à Pesquisa do Estado de Minas Gerais</subfield>
      </datafield>
      <datafield tag="650" ind1=" " ind2="3">
         <subfield code="a">Eucalyptus</subfield>
      </datafield>
      <datafield tag="650" ind1=" " ind2="3">
         <subfield code="a">applied ecology</subfield>
      </datafield>
      <datafield tag="650" ind1=" " ind2="3">
         <subfield code="a">birds</subfield>
      </datafield>
      <datafield tag="650" ind1=" " ind2="3">
         <subfield code="a">cattle</subfield>
      </datafield>
      <datafield tag="650" ind1=" " ind2="3">
         <subfield code="a">cerrado</subfield>
      </datafield>
      <datafield tag="650" ind1=" " ind2="3">
         <subfield code="a">dung beetles</subfield>
      </datafield>
      <datafield tag="650" ind1=" " ind2="3">
         <subfield code="a">fauna</subfield>
      </datafield>
      <datafield tag="650" ind1=" " ind2="3">
         <subfield code="a">feces</subfield>
      </datafield>
      <datafield tag="650" ind1=" " ind2="3">
         <subfield code="a">forests</subfield>
      </datafield>
      <datafield tag="650" ind1=" " ind2="3">
         <subfield code="a">habitats</subfield>
      </datafield>
      <datafield tag="650" ind1=" " ind2="3">
         <subfield code="a">indicator species</subfield>
      </datafield>
      <datafield tag="650" ind1=" " ind2="3">
         <subfield code="a">intensive farming</subfield>
      </datafield>
      <datafield tag="650" ind1=" " ind2="3">
         <subfield code="a">land use change</subfield>
      </datafield>
      <datafield tag="650" ind1=" " ind2="3">
         <subfield code="a">landscapes</subfield>
      </datafield>
      <datafield tag="650" ind1=" " ind2="3">
         <subfield code="a">pastoralism</subfield>
      </datafield>
      <datafield tag="650" ind1=" " ind2="3">
         <subfield code="a">plantation forestry</subfield>
      </datafield>
      <datafield tag="650" ind1=" " ind2="3">
         <subfield code="a">savannas</subfield>
      </datafield>
      <datafield tag="650" ind1=" " ind2="3">
         <subfield code="a">species richness</subfield>
      </datafield>
      <datafield tag="650" ind1=" " ind2="3">
         <subfield code="a">trees</subfield>
      </datafield>
      <datafield tag="700" ind1="1" ind2=" ">
         <subfield code="a">Vieira, Jésica</subfield>
         <subfield code="e">author</subfield>
         <subfield code="u">Instituto de Biologia, Universidade Federal de Uberlândia, Uberlândia,
        Brazil</subfield>
         <subfield code="1">https://orcid.org/0000-0002-2014-2925</subfield>
      </datafield>
      <datafield tag="700" ind1="1" ind2=" ">
         <subfield code="a">Melo, Celine</subfield>
         <subfield code="e">author</subfield>
         <subfield code="u">Instituto de Biologia, Universidade Federal de Uberlândia, Uberlândia,
        Brazil</subfield>
         <subfield code="1">https://orcid.org/0000-0002-6603-8314</subfield>
      </datafield>
      <datafield tag="700" ind1="1" ind2=" ">
         <subfield code="a">Silva, Adriano M.</subfield>
         <subfield code="e">author</subfield>
         <subfield code="u">Instituto de Biologia, Universidade Federal de Uberlândia, Uberlândia,
        Brazil</subfield>
      </datafield>
      <datafield tag="700" ind1="1" ind2=" ">
         <subfield code="a">Tolentino, Vitor C. M.</subfield>
         <subfield code="e">author</subfield>
         <subfield code="u">Instituto de Biologia, Universidade Federal de Uberlândia, Uberlândia,
        Brazil</subfield>
         <subfield code="1">https://orcid.org/0000-0003-0143-7127</subfield>
      </datafield>
      <datafield tag="700" ind1="1" ind2=" ">
         <subfield code="a">Neves, Karen</subfield>
         <subfield code="e">author</subfield>
         <subfield code="u">Instituto de Biologia, Universidade Federal de Uberlândia, Uberlândia,
        Brazil</subfield>
         <subfield code="1">https://orcid.org/0000-0002-4756-7755</subfield>
      </datafield>
      <datafield tag="700" ind1="1" ind2=" ">
         <subfield code="a">Vaz de Mello, Fernando</subfield>
         <subfield code="e">author</subfield>
         <subfield code="u">Instituto de Biociências, Universidade Federal de Mato Grosso, Cuiabá,
        Brazil</subfield>
         <subfield code="1">https://orcid.org/0000-0001-9697-320X</subfield>
      </datafield>
      <datafield tag="700" ind1="1" ind2=" ">
         <subfield code="a">Andersen, Alan N.</subfield>
         <subfield code="e">author</subfield>
         <subfield code="u">Research Institute for the Environment and Livelihoods, Charles Darwin
        University, Darwin, Australia</subfield>
         <subfield code="1">https://orcid.org/0000-0003-1487-3323</subfield>
      </datafield>
      <datafield tag="700" ind1="1" ind2=" ">
         <subfield code="a">Vasconcelos, Heraldo L.</subfield>
         <subfield code="e">author</subfield>
         <subfield code="u">Instituto de Biologia, Universidade Federal de Uberlândia, Uberlândia,
        Brazil</subfield>
         <subfield code="1">https://orcid.org/0000-0001-6969-7131</subfield>
      </datafield>
      <datafield tag="773" ind1="0" ind2=" ">
         <subfield code="t">Journal of applied ecology.</subfield>
         <subfield code="g">2022 Oct., v. 59, no. 10 p.2642-2653</subfield>
         <subfield code="d">John Wiley &amp; Sons, Ltd</subfield>
         <subfield code="w">Journal:jnl57298</subfield>
         <subfield code="x">0021-8901</subfield>
         <subfield code="7">nnas</subfield>
      </datafield>
      <datafield tag="787" ind1="1" ind2=" ">
         <subfield code="o">islandora_article_repository</subfield>
      </datafield>
      <datafield tag="787" ind1="1" ind2=" ">
         <subfield code="o">product_pubag</subfield>
      </datafield>
      <datafield tag="787" ind1="1" ind2=" ">
         <subfield code="o">(Journal)jnl57298</subfield>
      </datafield>
      <datafield tag="856" ind1="4" ind2="0">
         <subfield code="u">https://dx.doi.org/10.1111/1365-2664.14270</subfield>
         <subfield code="3">Available from publisher's site</subfield>
      </datafield>
      <datafield tag="912" ind1=" " ind2=" ">
         <subfield code="a">Article</subfield>
      </datafield>
      <datafield tag="914" ind1=" " ind2=" ">
         <subfield code="a">Journal:jnl57298</subfield>
         <subfield code="b">0021-8901</subfield>
         <subfield code="c">59</subfield>
         <subfield code="d">10</subfield>
         <subfield code="e">2642</subfield>
      </datafield>
      <datafield tag="914" ind1=" " ind2=" ">
         <subfield code="f">Journal of applied ecology</subfield>
      </datafield>
      <datafield tag="917" ind1=" " ind2=" ">
         <subfield code="a">issued</subfield>
      </datafield>
      <datafield tag="918" ind1="2" ind2=" ">
         <subfield code="a">John Wiley &amp; Sons, Inc</subfield>
         <subfield code="e">provider</subfield>
         <subfield code="5">DNAL</subfield>
      </datafield>
      <datafield tag="935" ind1=" " ind2=" ">
         <subfield code="a">IND607952176</subfield>
         <subfield code="9">ExL</subfield>
      </datafield>
      <datafield tag="949" ind1=" " ind2=" ">
         <subfield code="a">2022-10-03</subfield>
      </datafield>
      <datafield tag="952" ind1=" " ind2=" ">
         <subfield code="d">NAL-AP-2-clean</subfield>
      </datafield>
      <datafield tag="953" ind1=" " ind2=" ">
         <subfield code="a">/data/metadata/incoming/wiley/00218901_2022_59_10.xml</subfield>
      </datafield>
      <datafield tag="954" ind1=" " ind2=" ">
         <subfield code="a">file:/data/metadata/staging/wiley/00218901_2022_59_10.xml</subfield>
      </datafield>
      <datafield tag="955" ind1=" " ind2=" ">
         <subfield code="a">/data/metadata/staging/wiley/</subfield>
      </datafield>
      <datafield tag="974" ind1=" " ind2=" ">
         <subfield code="a">agid:7952176</subfield>
      </datafield>
      <datafield tag="983" ind1=" " ind2=" ">
         <subfield code="a">2022-10-03</subfield>
      </datafield>
      <datafield tag="984" ind1=" " ind2=" ">
         <subfield code="a">2022-10-03</subfield>
      </datafield>
   </record>