
   <!--Record: 150-->
   <record>
      <leader>07766nab a2200937 u 4500</leader>
      <controlfield tag="001">9915863481307426</controlfield>
      <controlfield tag="005">20221119080855.0</controlfield>
      <controlfield tag="008">221003e202210 xx |||||o|||||||||||eng||</controlfield>
      <datafield tag="016" ind1="7" ind2=" ">
         <subfield code="a">IND607952186</subfield>
         <subfield code="2">DNAL</subfield>
      </datafield>
      <datafield tag="024" ind1="7" ind2=" ">
         <subfield code="a">10.1111/1365-2664.14247</subfield>
         <subfield code="2">doi</subfield>
      </datafield>
      <datafield tag="035" ind1=" " ind2=" ">
         <subfield code="a">agid:7952186-01nal_inst</subfield>
      </datafield>
      <datafield tag="040" ind1=" " ind2=" ">
         <subfield code="a">AGL</subfield>
         <subfield code="b">eng</subfield>
         <subfield code="c">AGL</subfield>
      </datafield>
      <datafield tag="100" ind1="1" ind2=" ">
         <subfield code="a">Alimpić, Filip</subfield>
         <subfield code="e">author</subfield>
         <subfield code="u">Singidunum University—Environment and Sustainable Development, Belgrade,
        Serbia</subfield>
         <subfield code="1">https://orcid.org/0000-0003-2083-8065</subfield>
      </datafield>
      <datafield tag="245" ind1="1" ind2="4">
         <subfield code="a">The status and role of genetic diversity of trees for the conservation and
        management of riparian ecosystems: A European experts' perspective</subfield>
      </datafield>
      <datafield tag="300" ind1=" " ind2=" ">
         <subfield code="a">p. 2476-2485.</subfield>
      </datafield>
      <datafield tag="500" ind1=" " ind2=" ">
         <subfield code="a">JOURNAL ARTICLE</subfield>
      </datafield>
      <datafield tag="520" ind1=" " ind2=" ">
         <subfield code="a">Riparian vegetation supports high biodiversity providing many services and
        is, therefore, an important landscape element. Riparian ecosystems are subject to numerous
        pressures leading to population decline and genetic erosion of riparian plants. This may
        have cascading effects at various ecosystem levels, including decreasing ecosystem services,
        so identifying the current status of genetic diversity of riparian tree species is vital to
        improve the effectiveness of restoration efforts. We aimed to elicit expert views on the
        status and importance of genetic diversity of tree species, and conservation needs across
        European riparian ecosystems. Sharing of such information among researchers, managers and
        policymakers has the potential to enhance ecological restoration and management of riparian
        ecosystems. We identified experts in riparian genetic resources conservation and management
        across Europe. These included stakeholders with different perspectives, ranging from
        researchers to practitioners. We designed a set of questionnaires where our identified
        experts were asked to answer questions related to the status and conservation of genetic
        diversity of riparian tree species in their respective countries. Specifically, we asked
        about societal awareness, legislative tools, good practices and conservation or restoration
        projects accounting for intraspecific genetic diversity and differentiation of tree species
        in riparian ecosystems. Questionnaire responses were analysed and discussed in light of the
        scientific literature to define needs and priorities related to the management and
        conservation of genetic diversity of riparian tree species. The experts recognized that a
        combination of in situ and ex situ measures and/or integrative conservation of riparian
        ecosystems is the most appropriate option for conserving the genetic diversity of riparian
        tree species. Simultaneous application of conservation measures at the level of priority
        species, identified by experts, and protection of riparian areas are required. Synthesis and
        applications. This study revealed the importance of recognizing the ecological processes
        that shape the genetic diversity of riparian tree species in hydrographic networks
        (dendritic spatial configuration, specific patterns of gene flow among riparian populations,
        fragmentation of river by dams) but also the need to overcome socio‐economic barriers, such
        as lack of policy priority, deficiency in funding and weak legislation framework.</subfield>
      </datafield>
      <datafield tag="592" ind1=" " ind2=" ">
         <subfield code="a">Publisher supplied data</subfield>
      </datafield>
      <datafield tag="593" ind1=" " ind2=" ">
         <subfield code="a">PubAg article</subfield>
      </datafield>
      <datafield tag="596" ind1=" " ind2=" ">
         <subfield code="a">CA16208</subfield>
         <subfield code="c">European Cooperation in Science and Technology</subfield>
      </datafield>
      <datafield tag="596" ind1=" " ind2=" ">
         <subfield code="a">UIDB/00239/2020</subfield>
         <subfield code="c">Forest Research Centre by the FCT</subfield>
      </datafield>
      <datafield tag="596" ind1=" " ind2=" ">
         <subfield code="a">0801‐417/1</subfield>
         <subfield code="c">Ministarstvo Prosvete, Nauke i Tehnološkog Razvoja</subfield>
      </datafield>
      <datafield tag="596" ind1=" " ind2=" ">
         <subfield code="a">2019/35/B/NZ8/01901</subfield>
         <subfield code="c">Narodowe Centrum Nauki</subfield>
      </datafield>
      <datafield tag="596" ind1=" " ind2=" ">
         <subfield code="a">2020.03356.CEECIND</subfield>
         <subfield code="c">Portuguese Foundation for Science and Technology (FCT)</subfield>
      </datafield>
      <datafield tag="596" ind1=" " ind2=" ">
         <subfield code="a">PTDC/ASP‐SIL/28593/2017</subfield>
         <subfield code="c">Portuguese Foundation for Science and Technology (FCT)</subfield>
      </datafield>
      <datafield tag="650" ind1=" " ind2="3">
         <subfield code="a">applied ecology</subfield>
      </datafield>
      <datafield tag="650" ind1=" " ind2="3">
         <subfield code="a">biodiversity</subfield>
      </datafield>
      <datafield tag="650" ind1=" " ind2="3">
         <subfield code="a">ecological restoration</subfield>
      </datafield>
      <datafield tag="650" ind1=" " ind2="3">
         <subfield code="a">ecosystems</subfield>
      </datafield>
      <datafield tag="650" ind1=" " ind2="3">
         <subfield code="a">genetic erosion</subfield>
      </datafield>
      <datafield tag="650" ind1=" " ind2="3">
         <subfield code="a">genetic variation</subfield>
      </datafield>
      <datafield tag="650" ind1=" " ind2="3">
         <subfield code="a">landscapes</subfield>
      </datafield>
      <datafield tag="650" ind1=" " ind2="3">
         <subfield code="a">population dynamics</subfield>
      </datafield>
      <datafield tag="650" ind1=" " ind2="3">
         <subfield code="a">questionnaires</subfield>
      </datafield>
      <datafield tag="650" ind1=" " ind2="3">
         <subfield code="a">riparian vegetation</subfield>
      </datafield>
      <datafield tag="650" ind1=" " ind2="3">
         <subfield code="a">stakeholders</subfield>
      </datafield>
      <datafield tag="650" ind1=" " ind2="3">
         <subfield code="a">trees</subfield>
      </datafield>
      <datafield tag="651" ind1=" " ind2="3">
         <subfield code="a">Europe</subfield>
      </datafield>
      <datafield tag="700" ind1="1" ind2=" ">
         <subfield code="a">Milovanović, Jelena</subfield>
         <subfield code="e">author</subfield>
         <subfield code="u">Singidunum University—Environment and Sustainable Development, Belgrade,
        Serbia</subfield>
      </datafield>
      <datafield tag="700" ind1="1" ind2=" ">
         <subfield code="a">Pielech, Remigiusz</subfield>
         <subfield code="e">author</subfield>
         <subfield code="u">Department of Forest Biodiversity, Faculty of Forestry, University of
        Agriculture in Kraków, Kraków, Poland</subfield>
      </datafield>
      <datafield tag="700" ind1="1" ind2=" ">
         <subfield code="a">Hinkov, Georgi</subfield>
         <subfield code="e">author</subfield>
         <subfield code="u">Forest Research Institute at the Bulgarian Academy of Sciences, Sofia,
        Bulgaria</subfield>
      </datafield>
      <datafield tag="700" ind1="1" ind2=" ">
         <subfield code="a">Jansson, Roland</subfield>
         <subfield code="e">author</subfield>
         <subfield code="u">Umeå University, Umeå, Sweden</subfield>
      </datafield>
      <datafield tag="700" ind1="1" ind2=" ">
         <subfield code="a">Dufour, Simon</subfield>
         <subfield code="e">author</subfield>
         <subfield code="u">Université Rennes 2/UMR LETG, Rennes, France</subfield>
      </datafield>
      <datafield tag="700" ind1="1" ind2=" ">
         <subfield code="a">Beza, Marcin</subfield>
         <subfield code="e">author</subfield>
         <subfield code="u">The Kostrzyca Forest Gene Bank, Miłków, Poland</subfield>
      </datafield>
      <datafield tag="700" ind1="1" ind2=" ">
         <subfield code="a">Bilir, Nebi</subfield>
         <subfield code="e">author</subfield>
         <subfield code="u">Isparta University of Applied Sciences, Isparta, Turkey</subfield>
      </datafield>
      <datafield tag="700" ind1="1" ind2=" ">
         <subfield code="a">del Blanco, Luis Santos</subfield>
         <subfield code="e">author</subfield>
         <subfield code="u">CSIC—INIA—CIFOR, Madrid, Spain</subfield>
      </datafield>
      <datafield tag="700" ind1="1" ind2=" ">
         <subfield code="a">Božič, Gregor</subfield>
         <subfield code="e">author</subfield>
         <subfield code="u">Slovenian Forestry Institute, Ljubljana, Slovenia</subfield>
      </datafield>
      <datafield tag="700" ind1="1" ind2=" ">
         <subfield code="a">Bruno, Daniel</subfield>
         <subfield code="e">author</subfield>
         <subfield code="u">Pyrenean Institute of Ecology (Spanish National Research Council;
        IPE‐CSIC), Zaragoza, Spain</subfield>
      </datafield>
      <datafield tag="700" ind1="1" ind2=" ">
         <subfield code="a">Chiarabaglio, Pier Mario</subfield>
         <subfield code="e">author</subfield>
         <subfield code="u">CREA—Research Centre for Forestry and Wood, Casale Monferrato AL,
        Italy</subfield>
      </datafield>
      <datafield tag="700" ind1="1" ind2=" ">
         <subfield code="a">Doncheva, Neli</subfield>
         <subfield code="e">author</subfield>
         <subfield code="u">WWF Bulgaria, Sofia, Bulgaria</subfield>
      </datafield>
      <datafield tag="700" ind1="1" ind2=" ">
         <subfield code="a">Gültekin, Yaşar Selman</subfield>
         <subfield code="e">author</subfield>
         <subfield code="u">Forest Economics Department, Düzce University, Faculty of Forest, Düzce,
        Turkey</subfield>
      </datafield>
      <datafield tag="700" ind1="1" ind2=" ">
         <subfield code="a">Ivanković, Mladen</subfield>
         <subfield code="e">author</subfield>
         <subfield code="u">Croatian Forest Research Institute, Jastrebarsko, Croatia</subfield>
      </datafield>
      <datafield tag="700" ind1="1" ind2=" ">
         <subfield code="a">Kelly‐Quinn, Mary</subfield>
         <subfield code="e">author</subfield>
         <subfield code="u">School of Biology and Environmental Science, University College Dublin,
        Dublin, Ireland</subfield>
      </datafield>
      <datafield tag="700" ind1="1" ind2=" ">
         <subfield code="a">La Porta, Nicola</subfield>
         <subfield code="e">author</subfield>
         <subfield code="u">Edmund Mach Foundation, Trento, Italy</subfield>
      </datafield>
      <datafield tag="700" ind1="1" ind2=" ">
         <subfield code="a">Nonić, Marina</subfield>
         <subfield code="e">author</subfield>
         <subfield code="u">University of Belgrade—Faculty of Forestry, Belgrade, Serbia</subfield>
      </datafield>
      <datafield tag="700" ind1="1" ind2=" ">
         <subfield code="a">Notivol, Eduardo</subfield>
         <subfield code="e">author</subfield>
         <subfield code="u">CITA (Agricultural Research Centre), Aragon, Spain</subfield>
      </datafield>
      <datafield tag="700" ind1="1" ind2=" ">
         <subfield code="a">Papastergiadou, Eva</subfield>
         <subfield code="e">author</subfield>
         <subfield code="u">School of Natural Sciences—University of Patras, Rio, Greece</subfield>
      </datafield>
      <datafield tag="700" ind1="1" ind2=" ">
         <subfield code="a">Šijačić‐Nikolić, Mirjana</subfield>
         <subfield code="e">author</subfield>
         <subfield code="u">University of Belgrade—Faculty of Forestry, Belgrade, Serbia</subfield>
      </datafield>
      <datafield tag="700" ind1="1" ind2=" ">
         <subfield code="a">Vietto, Lorenzo</subfield>
         <subfield code="e">author</subfield>
         <subfield code="u">CREA—Research Centre for Forestry and Wood, Casale Monferrato AL,
        Italy</subfield>
      </datafield>
      <datafield tag="700" ind1="1" ind2=" ">
         <subfield code="a">Villar, Marc</subfield>
         <subfield code="e">author</subfield>
         <subfield code="u">INRAE—ONF—BioForA, Orléans, France</subfield>
      </datafield>
      <datafield tag="700" ind1="1" ind2=" ">
         <subfield code="a">Zhelev, Petar</subfield>
         <subfield code="e">author</subfield>
         <subfield code="u">University of Forestry, Sofia, Bulgaria</subfield>
      </datafield>
      <datafield tag="700" ind1="1" ind2=" ">
         <subfield code="a">Rodríguez‐González, Patricia María</subfield>
         <subfield code="e">author</subfield>
         <subfield code="u">Forest Research Centre—School of Agriculture—University of Lisbon, Lisbon,
        Portugal</subfield>
         <subfield code="1">https://orcid.org/0000-0001-8507-8429</subfield>
      </datafield>
      <datafield tag="773" ind1="0" ind2=" ">
         <subfield code="t">Journal of applied ecology.</subfield>
         <subfield code="g">2022 Oct., v. 59, no. 10 p.2476-2485</subfield>
         <subfield code="d">John Wiley &amp; Sons, Ltd</subfield>
         <subfield code="w">Journal:jnl57298</subfield>
         <subfield code="x">0021-8901</subfield>
         <subfield code="7">nnas</subfield>
      </datafield>
      <datafield tag="787" ind1="1" ind2=" ">
         <subfield code="o">islandora_article_repository</subfield>
      </datafield>
      <datafield tag="787" ind1="1" ind2=" ">
         <subfield code="o">product_pubag</subfield>
      </datafield>
      <datafield tag="787" ind1="1" ind2=" ">
         <subfield code="o">(Journal)jnl57298</subfield>
      </datafield>
      <datafield tag="856" ind1="4" ind2="0">
         <subfield code="u">https://dx.doi.org/10.1111/1365-2664.14247</subfield>
         <subfield code="3">Available from publisher's site</subfield>
      </datafield>
      <datafield tag="912" ind1=" " ind2=" ">
         <subfield code="a">Article</subfield>
      </datafield>
      <datafield tag="914" ind1=" " ind2=" ">
         <subfield code="a">Journal:jnl57298</subfield>
         <subfield code="b">0021-8901</subfield>
         <subfield code="c">59</subfield>
         <subfield code="d">10</subfield>
         <subfield code="e">2476</subfield>
      </datafield>
      <datafield tag="914" ind1=" " ind2=" ">
         <subfield code="f">Journal of applied ecology</subfield>
      </datafield>
      <datafield tag="917" ind1=" " ind2=" ">
         <subfield code="a">issued</subfield>
      </datafield>
      <datafield tag="918" ind1="2" ind2=" ">
         <subfield code="a">John Wiley &amp; Sons, Inc</subfield>
         <subfield code="e">provider</subfield>
         <subfield code="5">DNAL</subfield>
      </datafield>
      <datafield tag="935" ind1=" " ind2=" ">
         <subfield code="a">IND607952186</subfield>
         <subfield code="9">ExL</subfield>
      </datafield>
      <datafield tag="949" ind1=" " ind2=" ">
         <subfield code="a">2022-10-03</subfield>
      </datafield>
      <datafield tag="952" ind1=" " ind2=" ">
         <subfield code="d">NAL-AP-2-clean</subfield>
      </datafield>
      <datafield tag="953" ind1=" " ind2=" ">
         <subfield code="a">/data/metadata/incoming/wiley/00218901_2022_59_10.xml</subfield>
      </datafield>
      <datafield tag="954" ind1=" " ind2=" ">
         <subfield code="a">file:/data/metadata/staging/wiley/00218901_2022_59_10.xml</subfield>
      </datafield>
      <datafield tag="955" ind1=" " ind2=" ">
         <subfield code="a">/data/metadata/staging/wiley/</subfield>
      </datafield>
      <datafield tag="974" ind1=" " ind2=" ">
         <subfield code="a">agid:7952186</subfield>
      </datafield>
      <datafield tag="983" ind1=" " ind2=" ">
         <subfield code="a">2022-10-03</subfield>
      </datafield>
      <datafield tag="984" ind1=" " ind2=" ">
         <subfield code="a">2022-10-03</subfield>
      </datafield>
   </record>