
   <!--Record: 152-->
   <record>
      <leader>04024nab a2200589 u 4500</leader>
      <controlfield tag="001">9915863899007426</controlfield>
      <controlfield tag="005">20221119082651.0</controlfield>
      <controlfield tag="008">201026e20201009xx |||||o|||||||||||eng||</controlfield>
      <datafield tag="016" ind1="7" ind2=" ">
         <subfield code="a">IND607152639</subfield>
         <subfield code="2">DNAL</subfield>
      </datafield>
      <datafield tag="024" ind1="7" ind2=" ">
         <subfield code="a">10.3390/f11101079</subfield>
         <subfield code="2">doi</subfield>
      </datafield>
      <datafield tag="035" ind1=" " ind2=" ">
         <subfield code="a">agid:7152639-01nal_inst</subfield>
      </datafield>
      <datafield tag="040" ind1=" " ind2=" ">
         <subfield code="a">AGL</subfield>
         <subfield code="b">eng</subfield>
         <subfield code="c">AGL</subfield>
      </datafield>
      <datafield tag="100" ind1="1" ind2=" ">
         <subfield code="a">Bataineh, Mohammad M. </subfield>
         <subfield code="e">author</subfield>
      </datafield>
      <datafield tag="245" ind1="1" ind2="0">
         <subfield code="a">Reconstruction of Piñon–Juniper Woodlands in the Sky Islands of the Davis
        Mountains, Texas, USA</subfield>
      </datafield>
      <datafield tag="520" ind1=" " ind2=" ">
         <subfield code="a">Piñon (Pinus spp. L.)–juniper (Juniperus spp. L.) woodlands’ historical
        stand structures were recreated to provide reference conditions and document long-term
        changes in the Sky Islands of the Davis Mountains, Texas. Restoration of these isolated
        woodlands requires insights into the range of variability in current and historical stand
        structures, as well as an understanding of the spatiotemporal establishment and recruitment
        patterns of tree species. With drastic changes in forests and woodlands of the Southwestern
        United States widely reported, the main objective of this study was to reconstruct woodland
        tree temporal and spatial establishment patterns. A stratified random sampling approach was
        used to select two study sites each of 3600 m² in area. Within each site, all individual
        trees were mapped, measured, and cored for age determination. Age and tree location data
        were used to recreate the spatiotemporal patterns of tree species establishment and
        recruitment. Increments in density of both Mexican piñon (Pinus cembroidesvar.
        cembroidesZucc.) and alligator juniper (Juniperus deppeanavar. deppeanaSteud.) reached 422
        trees ha⁻¹ in the 115-year period between 1890 and 2005; a yearly increment of 4 trees ha⁻¹
        that did not reflect a rapid rate of change in these piñon–juniper woodlands. Age
        distributions reflected the multi-cohort nature of these woodlands, and spatial
        autocorrelation measures were useful in the objective delineation of these cohorts. Temporal
        and functional niche differentiation of juniper was reflected in the development pattern
        where alligator juniper served as a pioneer species, exhibited a longer period of
        substantial recruitment, and had greater recruitment rates than that of Mexican piñon.
        Recruitment of Mexican piñon and alligator juniper occurred in an episodic fashion, with the
        majority of recruits being acquired between 1890 and 1949.</subfield>
      </datafield>
      <datafield tag="592" ind1=" " ind2=" ">
         <subfield code="a">Publisher supplied data</subfield>
      </datafield>
      <datafield tag="593" ind1=" " ind2=" ">
         <subfield code="a">PubAg article</subfield>
      </datafield>
      <datafield tag="650" ind1=" " ind2="3">
         <subfield code="a">Juniperus deppeana</subfield>
      </datafield>
      <datafield tag="650" ind1=" " ind2="3">
         <subfield code="a">Pinus cembroides</subfield>
      </datafield>
      <datafield tag="650" ind1=" " ind2="3">
         <subfield code="a">age determination</subfield>
      </datafield>
      <datafield tag="650" ind1=" " ind2="3">
         <subfield code="a">autocorrelation</subfield>
      </datafield>
      <datafield tag="650" ind1=" " ind2="3">
         <subfield code="a">ecological differentiation</subfield>
      </datafield>
      <datafield tag="650" ind1=" " ind2="3">
         <subfield code="a">forests</subfield>
      </datafield>
      <datafield tag="650" ind1=" " ind2="3">
         <subfield code="a">mountains</subfield>
      </datafield>
      <datafield tag="650" ind1=" " ind2="3">
         <subfield code="a">pinyon-juniper</subfield>
      </datafield>
      <datafield tag="650" ind1=" " ind2="3">
         <subfield code="a">pioneer species</subfield>
      </datafield>
      <datafield tag="650" ind1=" " ind2="3">
         <subfield code="a">trees</subfield>
      </datafield>
      <datafield tag="650" ind1=" " ind2="3">
         <subfield code="a">woodlands</subfield>
      </datafield>
      <datafield tag="651" ind1=" " ind2="3">
         <subfield code="a">Texas</subfield>
      </datafield>
      <datafield tag="700" ind1="1" ind2=" ">
         <subfield code="a">Oswald, Brian P. </subfield>
         <subfield code="e">author</subfield>
         <subfield code="u">Arthur Temple College of Forestry and Agriculture, Stephen F. Austin State
        University, Nacogdoches, TX 75965, USA</subfield>
      </datafield>
      <datafield tag="700" ind1="1" ind2=" ">
         <subfield code="a">Williams, Hans M. </subfield>
         <subfield code="e">author</subfield>
      </datafield>
      <datafield tag="700" ind1="1" ind2=" ">
         <subfield code="a">Unger, Daniel R. </subfield>
         <subfield code="e">author</subfield>
      </datafield>
      <datafield tag="700" ind1="1" ind2=" ">
         <subfield code="a">Hung, I-Kuai </subfield>
         <subfield code="e">author</subfield>
      </datafield>
      <datafield tag="773" ind1="0" ind2=" ">
         <subfield code="t">Forests.</subfield>
         <subfield code="g">2020 Oct. 09, v. 11, no. 10</subfield>
         <subfield code="d">Multidisciplinary Digital Publishing Institute</subfield>
         <subfield code="w">Journal:2257</subfield>
         <subfield code="x">1999-4907</subfield>
         <subfield code="7">nnas</subfield>
      </datafield>
      <datafield tag="787" ind1="1" ind2=" ">
         <subfield code="o">islandora_article_repository</subfield>
      </datafield>
      <datafield tag="787" ind1="1" ind2=" ">
         <subfield code="o">product_pubag</subfield>
      </datafield>
      <datafield tag="787" ind1="1" ind2=" ">
         <subfield code="o">(Journal)2257</subfield>
      </datafield>
      <datafield tag="856" ind1="4" ind2="0">
         <subfield code="u">http://dx.doi.org/10.3390/f11101079</subfield>
         <subfield code="3">Available from publisher's site</subfield>
      </datafield>
      <datafield tag="912" ind1=" " ind2=" ">
         <subfield code="a">Article</subfield>
      </datafield>
      <datafield tag="914" ind1=" " ind2=" ">
         <subfield code="a">Journal:2257</subfield>
         <subfield code="b">1999-4907</subfield>
         <subfield code="c">11</subfield>
         <subfield code="d">10</subfield>
      </datafield>
      <datafield tag="914" ind1=" " ind2=" ">
         <subfield code="f">Forests</subfield>
      </datafield>
      <datafield tag="916" ind1=" " ind2=" ">
         <subfield code="a">Batch:2617</subfield>
      </datafield>
      <datafield tag="917" ind1=" " ind2=" ">
         <subfield code="a">issued</subfield>
      </datafield>
      <datafield tag="918" ind1="2" ind2=" ">
         <subfield code="a">Multidisciplinary Digital Publishing Institute</subfield>
         <subfield code="e">provider</subfield>
         <subfield code="5">DNAL</subfield>
      </datafield>
      <datafield tag="935" ind1=" " ind2=" ">
         <subfield code="a">IND607152639</subfield>
         <subfield code="9">ExL</subfield>
      </datafield>
      <datafield tag="949" ind1=" " ind2=" ">
         <subfield code="a">2020-12-10</subfield>
      </datafield>
      <datafield tag="953" ind1=" " ind2=" ">
         <subfield code="a">/data/metadata/incoming/mdpinstitute/forests-v11-i10-20201026.xml</subfield>
      </datafield>
      <datafield tag="954" ind1=" " ind2=" ">
         <subfield code="a">file:/data/metadata/staging/mdpinstitute/forests-v11-i10-20201026.xml</subfield>
      </datafield>
      <datafield tag="955" ind1=" " ind2=" ">
         <subfield code="a">/data/metadata/staging/mdpinstitute/</subfield>
      </datafield>
      <datafield tag="974" ind1=" " ind2=" ">
         <subfield code="a">agid:7152639</subfield>
      </datafield>
      <datafield tag="983" ind1=" " ind2=" ">
         <subfield code="a">2020-10-26</subfield>
      </datafield>
      <datafield tag="984" ind1=" " ind2=" ">
         <subfield code="a">2020-12-10</subfield>
      </datafield>
   </record>