
   <!--Record: 153-->
   <record>
      <leader>03809nab a2200553 u 4500</leader>
      <controlfield tag="001">9915863931907426</controlfield>
      <controlfield tag="005">20221119082604.0</controlfield>
      <controlfield tag="008">201026e20201019xx |||||o|||||||||||eng||</controlfield>
      <datafield tag="016" ind1="7" ind2=" ">
         <subfield code="a">IND607152670</subfield>
         <subfield code="2">DNAL</subfield>
      </datafield>
      <datafield tag="024" ind1="7" ind2=" ">
         <subfield code="a">10.3390/f11101106</subfield>
         <subfield code="2">doi</subfield>
      </datafield>
      <datafield tag="035" ind1=" " ind2=" ">
         <subfield code="a">agid:7152670-01nal_inst</subfield>
      </datafield>
      <datafield tag="040" ind1=" " ind2=" ">
         <subfield code="a">AGL</subfield>
         <subfield code="b">eng</subfield>
         <subfield code="c">AGL</subfield>
      </datafield>
      <datafield tag="100" ind1="1" ind2=" ">
         <subfield code="a">Asefa, Mengesha </subfield>
         <subfield code="e">author</subfield>
      </datafield>
      <datafield tag="245" ind1="1" ind2="0">
         <subfield code="a">Key Community Assembly Processes Switch between Scales in Shaping Beta
        Diversity in Two Primary Forests, Southwest China</subfield>
      </datafield>
      <datafield tag="520" ind1=" " ind2=" ">
         <subfield code="a">Environmental and dispersal-based processes have been widely investigated
        for the understanding of community assembly. However, the relative importance of these
        ecological processes across spatial scales, life history stages and forest types needs to be
        largely studied. We test the variability of ecological processes in shaping tree community
        composition across life stages and spatial scales, and in particular, the hypothesis that
        dispersal limitation dominates at smaller scales and early life stages, but environmental
        filtering at larger scales and later life stages. We used spatially explicit point process
        models to estimate the relative importance of environmental and dispersal processes and
        their combined effect on beta diversity across spatial scales and life stages in tropical
        and subtropical forests. These models fit the observed species distribution pattern and
        generated realizations of the fitted models for each species. We found that the importance
        of environmental and dispersal processes did not shift with life stages or vegetation types,
        but did with spatial scales. Dispersal provided the best explanation of large-scale
        patterns, but dispersal combined with environmental selection was superior for small-scale
        patterns. In conclusion, we confirm the importance of spatial scale for the effects and
        identification of community assembly mechanisms. Our results also suggest that the
        importance of both dispersal and environmental processes for community assembly could be
        pervasive across life stages and vegetation types. The generality of these findings should
        be tested further in different vegetation types and life stages to assess whether specific
        ecological processes have consistent effects on community structure across life stages and
        vegetation types.</subfield>
      </datafield>
      <datafield tag="592" ind1=" " ind2=" ">
         <subfield code="a">Publisher supplied data</subfield>
      </datafield>
      <datafield tag="593" ind1=" " ind2=" ">
         <subfield code="a">PubAg article</subfield>
      </datafield>
      <datafield tag="650" ind1=" " ind2="3">
         <subfield code="a">community structure</subfield>
      </datafield>
      <datafield tag="650" ind1=" " ind2="3">
         <subfield code="a">developmental stages</subfield>
      </datafield>
      <datafield tag="650" ind1=" " ind2="3">
         <subfield code="a">forest types</subfield>
      </datafield>
      <datafield tag="650" ind1=" " ind2="3">
         <subfield code="a">geographical distribution</subfield>
      </datafield>
      <datafield tag="650" ind1=" " ind2="3">
         <subfield code="a">models</subfield>
      </datafield>
      <datafield tag="650" ind1=" " ind2="3">
         <subfield code="a">primary forests</subfield>
      </datafield>
      <datafield tag="650" ind1=" " ind2="3">
         <subfield code="a">species diversity</subfield>
      </datafield>
      <datafield tag="650" ind1=" " ind2="3">
         <subfield code="a">trees</subfield>
      </datafield>
      <datafield tag="650" ind1=" " ind2="3">
         <subfield code="a">tropical forests</subfield>
      </datafield>
      <datafield tag="651" ind1=" " ind2="3">
         <subfield code="a">China</subfield>
      </datafield>
      <datafield tag="700" ind1="1" ind2=" ">
         <subfield code="a">Wen, Han-Dong </subfield>
         <subfield code="e">author</subfield>
      </datafield>
      <datafield tag="700" ind1="1" ind2=" ">
         <subfield code="a">Cao, Min </subfield>
         <subfield code="e">author</subfield>
      </datafield>
      <datafield tag="700" ind1="1" ind2=" ">
         <subfield code="a">Hu, Yue-Hua </subfield>
         <subfield code="e">author</subfield>
         <subfield code="u">CAS Key Laboratory of Tropical Forest Ecology, Xishuangbanna Tropical
        Botanical Garden, Chinese Academy of Sciences, Yunnan 666303, China</subfield>
      </datafield>
      <datafield tag="773" ind1="0" ind2=" ">
         <subfield code="t">Forests.</subfield>
         <subfield code="g">2020 Oct. 19, v. 11, no. 10</subfield>
         <subfield code="d">Multidisciplinary Digital Publishing Institute</subfield>
         <subfield code="w">Journal:2257</subfield>
         <subfield code="x">1999-4907</subfield>
         <subfield code="7">nnas</subfield>
      </datafield>
      <datafield tag="787" ind1="1" ind2=" ">
         <subfield code="o">islandora_article_repository</subfield>
      </datafield>
      <datafield tag="787" ind1="1" ind2=" ">
         <subfield code="o">product_pubag</subfield>
      </datafield>
      <datafield tag="787" ind1="1" ind2=" ">
         <subfield code="o">(Journal)2257</subfield>
      </datafield>
      <datafield tag="856" ind1="4" ind2="0">
         <subfield code="u">http://dx.doi.org/10.3390/f11101106</subfield>
         <subfield code="3">Available from publisher's site</subfield>
      </datafield>
      <datafield tag="912" ind1=" " ind2=" ">
         <subfield code="a">Article</subfield>
      </datafield>
      <datafield tag="914" ind1=" " ind2=" ">
         <subfield code="a">Journal:2257</subfield>
         <subfield code="b">1999-4907</subfield>
         <subfield code="c">11</subfield>
         <subfield code="d">10</subfield>
      </datafield>
      <datafield tag="914" ind1=" " ind2=" ">
         <subfield code="f">Forests</subfield>
      </datafield>
      <datafield tag="916" ind1=" " ind2=" ">
         <subfield code="a">Batch:2617</subfield>
      </datafield>
      <datafield tag="917" ind1=" " ind2=" ">
         <subfield code="a">issued</subfield>
      </datafield>
      <datafield tag="918" ind1="2" ind2=" ">
         <subfield code="a">Multidisciplinary Digital Publishing Institute</subfield>
         <subfield code="e">provider</subfield>
         <subfield code="5">DNAL</subfield>
      </datafield>
      <datafield tag="935" ind1=" " ind2=" ">
         <subfield code="a">IND607152670</subfield>
         <subfield code="9">ExL</subfield>
      </datafield>
      <datafield tag="949" ind1=" " ind2=" ">
         <subfield code="a">2020-12-10</subfield>
      </datafield>
      <datafield tag="953" ind1=" " ind2=" ">
         <subfield code="a">/data/metadata/incoming/mdpinstitute/forests-v11-i10-20201026.xml</subfield>
      </datafield>
      <datafield tag="954" ind1=" " ind2=" ">
         <subfield code="a">file:/data/metadata/staging/mdpinstitute/forests-v11-i10-20201026.xml</subfield>
      </datafield>
      <datafield tag="955" ind1=" " ind2=" ">
         <subfield code="a">/data/metadata/staging/mdpinstitute/</subfield>
      </datafield>
      <datafield tag="974" ind1=" " ind2=" ">
         <subfield code="a">agid:7152670</subfield>
      </datafield>
      <datafield tag="983" ind1=" " ind2=" ">
         <subfield code="a">2020-10-26</subfield>
      </datafield>
      <datafield tag="984" ind1=" " ind2=" ">
         <subfield code="a">2020-12-10</subfield>
      </datafield>
   </record>