
   <!--Record: 158-->
   <record>
      <leader>04770nab a2200649 u 4500</leader>
      <controlfield tag="001">9915864586307426</controlfield>
      <controlfield tag="005">20221119084448.0</controlfield>
      <controlfield tag="008">220523e202202 xx |||||o|||||||||||eng||</controlfield>
      <datafield tag="016" ind1="7" ind2=" ">
         <subfield code="a">IND607781321</subfield>
         <subfield code="2">DNAL</subfield>
      </datafield>
      <datafield tag="024" ind1="7" ind2=" ">
         <subfield code="a">10.1016/j.jag.2021.102667</subfield>
         <subfield code="2">doi</subfield>
      </datafield>
      <datafield tag="035" ind1=" " ind2=" ">
         <subfield code="a">agid:7781321-01nal_inst</subfield>
      </datafield>
      <datafield tag="040" ind1=" " ind2=" ">
         <subfield code="a">AGL</subfield>
         <subfield code="b">eng</subfield>
         <subfield code="c">AGL</subfield>
      </datafield>
      <datafield tag="100" ind1="1" ind2=" ">
         <subfield code="a">He, Da</subfield>
         <subfield code="e">author</subfield>
         <subfield code="u">School of Geography and Planning, Sun Yat-sen University, Guangzhou 510275,
        China</subfield>
      </datafield>
      <datafield tag="245" ind1="1" ind2="0">
         <subfield code="a">Generating 2m fine-scale urban tree cover product over 34 metropolises in
        China based on deep context-aware sub-pixel mapping network</subfield>
      </datafield>
      <datafield tag="506" ind1=" " ind2=" ">
         <subfield code="a">Creative Commons Attribution 4.0 Generic (CC BY-NC-ND 4.0)</subfield>
         <subfield code="u">http://creativecommons.org/licenses/by-nc-nd/4.0/</subfield>
         <subfield code="f">Unrestricted online access</subfield>
         <subfield code="2">star</subfield>
      </datafield>
      <datafield tag="506" ind1=" " ind2=" ">
         <subfield code="a">Resource is Open Access</subfield>
         <subfield code="u">http://purl.org/eprint/accessRights/OpenAccess</subfield>
         <subfield code="f">Unrestricted online access</subfield>
         <subfield code="2">star</subfield>
      </datafield>
      <datafield tag="520" ind1=" " ind2=" ">
         <subfield code="a">Contrast to the global forest, few trees live in cities but contribute
        significantly to urban environment and human health. However, the classical
        satellite-derived land cover/forest cover products with limited resolution are not fine
        enough for the identification of urban tree, which is usually appeared in small size and
        intersected with infrastructure. To relieve the dilemma, this study developed an urban tree
        specific sub-pixel mapping (SPM) architecture with deep learning approach, which aimed to
        generate 2m fine-scale urban tree cover product from 10 m Sentinel-2 images for large-scale
        area of 34 metropolises in China. The proposed approach has remarkable reconstruction
        ability for delineating the contextual characteristic of the urban tree patterns, and
        reliable generalization ability to large-scale area. In addition, this study creates a
        large-volume urban tree cover dataset (UTCD) with 0.13 billion urban tree samples at 2 m
        resolution, which fills the deficiency of standard dataset in urban tree cover research
        field. Quantitative analysis of our products was conducted on two typical study sites of
        Beijing and Wuhan. The results show that our products recover averagely more than 58.72% of
        urban tree covers that have been underestimated in the existing land cover/forest cover
        products, and outperforms the state-of-the-art approach both visually and quantitatively, by
        averagely 11.31% improvement in overall accuracy. From our annual products during 2016–2020,
        we found an evolution characteristic of urban tree cover: it is more stable in developed
        cities like Beijing, while more fluctuated in developing cities like Wuhan, and the
        alteration are usually concentrated at the outer-ring of downtown, which may be caused by
        the municipal planning and the land development of real estate industry.</subfield>
      </datafield>
      <datafield tag="592" ind1=" " ind2=" ">
         <subfield code="a">Publisher supplied data</subfield>
      </datafield>
      <datafield tag="593" ind1=" " ind2=" ">
         <subfield code="a">PubAg article</subfield>
      </datafield>
      <datafield tag="650" ind1=" " ind2="3">
         <subfield code="a">data collection</subfield>
      </datafield>
      <datafield tag="650" ind1=" " ind2="3">
         <subfield code="a">forests</subfield>
      </datafield>
      <datafield tag="650" ind1=" " ind2="3">
         <subfield code="a">human health</subfield>
      </datafield>
      <datafield tag="650" ind1=" " ind2="3">
         <subfield code="a">industry</subfield>
      </datafield>
      <datafield tag="650" ind1=" " ind2="3">
         <subfield code="a">infrastructure</subfield>
      </datafield>
      <datafield tag="650" ind1=" " ind2="3">
         <subfield code="a">land cover</subfield>
      </datafield>
      <datafield tag="650" ind1=" " ind2="3">
         <subfield code="a">land use</subfield>
      </datafield>
      <datafield tag="650" ind1=" " ind2="3">
         <subfield code="a">quantitative analysis</subfield>
      </datafield>
      <datafield tag="650" ind1=" " ind2="3">
         <subfield code="a">spatial data</subfield>
      </datafield>
      <datafield tag="650" ind1=" " ind2="3">
         <subfield code="a">urban areas</subfield>
      </datafield>
      <datafield tag="651" ind1=" " ind2="3">
         <subfield code="a">China</subfield>
      </datafield>
      <datafield tag="653" ind1=" " ind2="0">
         <subfield code="a">Urban tree cover product</subfield>
      </datafield>
      <datafield tag="653" ind1=" " ind2="0">
         <subfield code="a">Remote sensing</subfield>
      </datafield>
      <datafield tag="653" ind1=" " ind2="0">
         <subfield code="a">Sub-pixel mapping</subfield>
      </datafield>
      <datafield tag="653" ind1=" " ind2="0">
         <subfield code="a">Deep learning</subfield>
      </datafield>
      <datafield tag="700" ind1="1" ind2=" ">
         <subfield code="a">Shi, Qian</subfield>
         <subfield code="e">author</subfield>
         <subfield code="u">School of Geography and Planning, Sun Yat-sen University, Guangzhou 510275,
        China</subfield>
      </datafield>
      <datafield tag="700" ind1="1" ind2=" ">
         <subfield code="a">Liu, Xiaoping</subfield>
         <subfield code="e">author</subfield>
         <subfield code="u">School of Geography and Planning, Sun Yat-sen University, Guangzhou 510275,
        China</subfield>
      </datafield>
      <datafield tag="700" ind1="1" ind2=" ">
         <subfield code="a">Zhong, Yanfei</subfield>
         <subfield code="e">author</subfield>
         <subfield code="u">State Key Laboratory of Information Engineering in Surveying, Mapping and
        Remote Sensing, Wuhan University, Wuhan 430079, China</subfield>
      </datafield>
      <datafield tag="700" ind1="1" ind2=" ">
         <subfield code="a">Zhang, Liangpei</subfield>
         <subfield code="e">author</subfield>
         <subfield code="u">State Key Laboratory of Information Engineering in Surveying, Mapping and
        Remote Sensing, Wuhan University, Wuhan 430079, China</subfield>
      </datafield>
      <datafield tag="773" ind1="0" ind2=" ">
         <subfield code="t">International journal of applied earth observation and
        geoinformation.</subfield>
         <subfield code="g">2022 Feb., v. 106 p.102667-</subfield>
         <subfield code="d">Elsevier B.V.</subfield>
         <subfield code="w">Journal:21448</subfield>
         <subfield code="x">1569-8432</subfield>
         <subfield code="7">nnas</subfield>
      </datafield>
      <datafield tag="787" ind1="1" ind2=" ">
         <subfield code="o">islandora_article_repository</subfield>
      </datafield>
      <datafield tag="787" ind1="1" ind2=" ">
         <subfield code="o">product_pubag</subfield>
      </datafield>
      <datafield tag="787" ind1="1" ind2=" ">
         <subfield code="o">(Journal)21448</subfield>
      </datafield>
      <datafield tag="856" ind1="4" ind2="0">
         <subfield code="u">http://dx.doi.org/10.1016/j.jag.2021.102667</subfield>
      </datafield>
      <datafield tag="912" ind1=" " ind2=" ">
         <subfield code="a">Article</subfield>
      </datafield>
      <datafield tag="914" ind1=" " ind2=" ">
         <subfield code="a">Journal:21448</subfield>
         <subfield code="b">1569-8432</subfield>
         <subfield code="c">106</subfield>
         <subfield code="e">102667</subfield>
      </datafield>
      <datafield tag="914" ind1=" " ind2=" ">
         <subfield code="f">International journal of applied earth observation and
        geoinformation</subfield>
      </datafield>
      <datafield tag="917" ind1=" " ind2=" ">
         <subfield code="a">issued</subfield>
      </datafield>
      <datafield tag="918" ind1="2" ind2=" ">
         <subfield code="a">Elsevier Consyn</subfield>
         <subfield code="e">provider</subfield>
         <subfield code="5">DNAL</subfield>
      </datafield>
      <datafield tag="935" ind1=" " ind2=" ">
         <subfield code="a">IND607781321</subfield>
         <subfield code="9">ExL</subfield>
      </datafield>
      <datafield tag="949" ind1=" " ind2=" ">
         <subfield code="a">2022-05-23</subfield>
      </datafield>
      <datafield tag="952" ind1=" " ind2=" ">
         <subfield code="d">NAL-AP-2-clean</subfield>
      </datafield>
      <datafield tag="953" ind1=" " ind2=" ">
         <subfield code="a">/data/metadata/incoming/consyn/175079966703713205-00005-HEAD-ONLY-NEW
        CONSYN ISSNS.zip</subfield>
      </datafield>
      <datafield tag="954" ind1=" " ind2=" ">
         <subfield code="a">file:/data/metadata/staging/consyn/S0303243421003743.xml</subfield>
      </datafield>
      <datafield tag="955" ind1=" " ind2=" ">
         <subfield code="a">/data/metadata/staging/consyn/</subfield>
      </datafield>
      <datafield tag="974" ind1=" " ind2=" ">
         <subfield code="a">agid:7781321</subfield>
      </datafield>
      <datafield tag="983" ind1=" " ind2=" ">
         <subfield code="a">2022-05-23</subfield>
      </datafield>
      <datafield tag="984" ind1=" " ind2=" ">
         <subfield code="a">2022-05-23</subfield>
      </datafield>
   </record>