
   <!--Record: 161-->
   <record>
      <leader>04109nab a2200613 u 4500</leader>
      <controlfield tag="001">9915866007707426</controlfield>
      <controlfield tag="005">20221119093636.0</controlfield>
      <controlfield tag="008">190725e201908 xx |||||o|||||||||||eng||</controlfield>
      <datafield tag="016" ind1="7" ind2=" ">
         <subfield code="a">IND606495905</subfield>
         <subfield code="2">DNAL</subfield>
      </datafield>
      <datafield tag="024" ind1="7" ind2=" ">
         <subfield code="a">10.1016/j.dendro.2019.05.006</subfield>
         <subfield code="2">doi</subfield>
      </datafield>
      <datafield tag="035" ind1=" " ind2=" ">
         <subfield code="a">agid:6495905-01nal_inst</subfield>
      </datafield>
      <datafield tag="040" ind1=" " ind2=" ">
         <subfield code="a">AGL</subfield>
         <subfield code="b">eng</subfield>
         <subfield code="c">AGL</subfield>
      </datafield>
      <datafield tag="100" ind1="1" ind2=" ">
         <subfield code="a">Zubairov, Bulat</subfield>
         <subfield code="e">author</subfield>
      </datafield>
      <datafield tag="245" ind1="1" ind2="0">
         <subfield code="a">Dendroclimatology in Kazakhstan</subfield>
      </datafield>
      <datafield tag="520" ind1=" " ind2=" ">
         <subfield code="a">We have reviewed 43 studies related to dendroclimatology in Kazakhstan, and
        additionally 13 studies related to other subfields of dendrochronology, which have been
        published during the past 40 years. This review also includes studies published in Russian,
        Kazakh, German and Chinese languages, which are not easily accessible to international
        researchers.Dendroclimatic studies in Kazakhstan began back in the days of the Soviet Union
        and were actively conducted in the southern and northern parts of the country. With the
        collapse of the Soviet Union dendroclimatic studies stopped and resumed only 15-20 years
        later. Within the last 5 years, the intensity and quality of dendroclimatic studies
        increased significantly. Several research groups have investigated climate-growth
        relationships of Scots pine, Silver birch, Siberian larch, Siever’s apple and Schrenk
        spruce. Schrenk spruce was the most widely studied of these species, and several climatic
        reconstructions have been published based off their climate-growth relationships. Results of
        most studies on Schrenk spruce demonstrated good consistency, allowing the general patterns
        of climate-growth relationships to be accurately traced. Unfortunately, studies on other
        tree species have either lower level or represented just by one or two studies. It would
        therefore be premature to make any generalizations on these species at the current stage.We
        conclude that there is a good potential and good base for continuing dendroclimatic studies
        in Kazakhstan. There is a need to close several research gaps which limit our knowledge,
        such as chronologies’ length, application of new methods, species composition and spatial
        coverage. Closing these gaps let us significantly improve the dendrochronological network of
        Kazakhstan and provide important data for further hydrological and climate studies in
        Kazakhstan.</subfield>
      </datafield>
      <datafield tag="592" ind1=" " ind2=" ">
         <subfield code="a">Publisher supplied data</subfield>
      </datafield>
      <datafield tag="593" ind1=" " ind2=" ">
         <subfield code="a">PubAg article</subfield>
      </datafield>
      <datafield tag="650" ind1=" " ind2="3">
         <subfield code="a">Betula pendula</subfield>
      </datafield>
      <datafield tag="650" ind1=" " ind2="3">
         <subfield code="a">Larix sibirica</subfield>
      </datafield>
      <datafield tag="650" ind1=" " ind2="3">
         <subfield code="a">Picea schrenkiana</subfield>
      </datafield>
      <datafield tag="650" ind1=" " ind2="3">
         <subfield code="a">Pinus sylvestris</subfield>
      </datafield>
      <datafield tag="650" ind1=" " ind2="3">
         <subfield code="a">apples</subfield>
      </datafield>
      <datafield tag="650" ind1=" " ind2="3">
         <subfield code="a">climate</subfield>
      </datafield>
      <datafield tag="650" ind1=" " ind2="3">
         <subfield code="a">dendroclimatology</subfield>
      </datafield>
      <datafield tag="650" ind1=" " ind2="3">
         <subfield code="a">hydrology</subfield>
      </datafield>
      <datafield tag="650" ind1=" " ind2="3">
         <subfield code="a">languages</subfield>
      </datafield>
      <datafield tag="650" ind1=" " ind2="3">
         <subfield code="a">species diversity</subfield>
      </datafield>
      <datafield tag="650" ind1=" " ind2="3">
         <subfield code="a">trees</subfield>
      </datafield>
      <datafield tag="651" ind1=" " ind2="3">
         <subfield code="a">Kazakhstan</subfield>
      </datafield>
      <datafield tag="651" ind1=" " ind2="3">
         <subfield code="a">USSR</subfield>
      </datafield>
      <datafield tag="653" ind1=" " ind2="0">
         <subfield code="a">dendrochronology</subfield>
      </datafield>
      <datafield tag="653" ind1=" " ind2="0">
         <subfield code="a">history</subfield>
      </datafield>
      <datafield tag="700" ind1="1" ind2=" ">
         <subfield code="a">Lentschke, Jan</subfield>
         <subfield code="e">author</subfield>
         <subfield code="u">Humboldt Universität zu Berlin, Faculty of mathematics and Natural
        Sciences, Department of Geography, Rudower Chaussee 16, 12489, Berlin, Germany</subfield>
      </datafield>
      <datafield tag="700" ind1="1" ind2=" ">
         <subfield code="a">Schröder, Hilmar</subfield>
         <subfield code="e">author</subfield>
         <subfield code="u">Humboldt Universität zu Berlin, Faculty of mathematics and Natural
        Sciences, Department of Geography, Rudower Chaussee 16, 12489, Berlin, Germany</subfield>
      </datafield>
      <datafield tag="773" ind1="0" ind2=" ">
         <subfield code="t">Dendrochronologia.</subfield>
         <subfield code="g">2019 Aug., v. 56 p.125602-</subfield>
         <subfield code="d">Elsevier GmbH</subfield>
         <subfield code="w">Journal:jnl71157</subfield>
         <subfield code="x">1125-7865</subfield>
         <subfield code="7">nnas</subfield>
      </datafield>
      <datafield tag="787" ind1="1" ind2=" ">
         <subfield code="o">islandora_article_repository</subfield>
      </datafield>
      <datafield tag="787" ind1="1" ind2=" ">
         <subfield code="o">product_pubag</subfield>
      </datafield>
      <datafield tag="787" ind1="1" ind2=" ">
         <subfield code="o">(Journal)jnl71157</subfield>
      </datafield>
      <datafield tag="856" ind1="4" ind2="0">
         <subfield code="u">https://dx.doi.org/10.1016/j.dendro.2019.05.006</subfield>
         <subfield code="3">Available from publisher's site</subfield>
      </datafield>
      <datafield tag="912" ind1=" " ind2=" ">
         <subfield code="a">Article</subfield>
      </datafield>
      <datafield tag="914" ind1=" " ind2=" ">
         <subfield code="a">Journal:jnl71157</subfield>
         <subfield code="b">1125-7865</subfield>
         <subfield code="c">56</subfield>
         <subfield code="e">125602</subfield>
      </datafield>
      <datafield tag="914" ind1=" " ind2=" ">
         <subfield code="f">Dendrochronologia</subfield>
      </datafield>
      <datafield tag="916" ind1=" " ind2=" ">
         <subfield code="a">Batch:2290</subfield>
      </datafield>
      <datafield tag="917" ind1=" " ind2=" ">
         <subfield code="a">issued</subfield>
      </datafield>
      <datafield tag="918" ind1="2" ind2=" ">
         <subfield code="a">Elsevier Consyn</subfield>
         <subfield code="e">provider</subfield>
         <subfield code="5">DNAL</subfield>
      </datafield>
      <datafield tag="935" ind1=" " ind2=" ">
         <subfield code="a">IND606495905</subfield>
         <subfield code="9">ExL</subfield>
      </datafield>
      <datafield tag="949" ind1=" " ind2=" ">
         <subfield code="a">2019-09-12</subfield>
      </datafield>
      <datafield tag="953" ind1=" " ind2=" ">
         <subfield code="a">/data/metadata/incoming/consyn/107323020482076904-00004-HEAD-ONLY-NEW
        CONSYN ISSNS.zip</subfield>
      </datafield>
      <datafield tag="954" ind1=" " ind2=" ">
         <subfield code="a">file:/data/metadata/staging/consyn/S1125786519300323.xml</subfield>
      </datafield>
      <datafield tag="955" ind1=" " ind2=" ">
         <subfield code="a">/data/metadata/staging/consyn/</subfield>
      </datafield>
      <datafield tag="962" ind1=" " ind2=" ">
         <subfield code="a">Batch:2290 reviewed on 2019-09-12T14:00:04Z</subfield>
      </datafield>
      <datafield tag="974" ind1=" " ind2=" ">
         <subfield code="a">agid:6495905</subfield>
      </datafield>
      <datafield tag="983" ind1=" " ind2=" ">
         <subfield code="a">2019-07-25</subfield>
      </datafield>
      <datafield tag="984" ind1=" " ind2=" ">
         <subfield code="a">2019-09-12</subfield>
      </datafield>
   </record>