
   <!--Record: 162-->
   <record>
      <leader>04721nab a2200637 u 4500</leader>
      <controlfield tag="001">9915866064007426</controlfield>
      <controlfield tag="005">20221119094021.0</controlfield>
      <controlfield tag="008">190401e20180524xx |||||o|||||||||||eng||</controlfield>
      <datafield tag="016" ind1="7" ind2=" ">
         <subfield code="a">IND605927132</subfield>
         <subfield code="2">DNAL</subfield>
      </datafield>
      <datafield tag="024" ind1="7" ind2=" ">
         <subfield code="a">10.1016/j.ecolmodel.2018.03.001</subfield>
         <subfield code="2">doi</subfield>
      </datafield>
      <datafield tag="035" ind1=" " ind2=" ">
         <subfield code="a">agid:5927132-01nal_inst</subfield>
      </datafield>
      <datafield tag="040" ind1=" " ind2=" ">
         <subfield code="a">AGL</subfield>
         <subfield code="b">eng</subfield>
         <subfield code="c">AGL</subfield>
      </datafield>
      <datafield tag="100" ind1="1" ind2=" ">
         <subfield code="a">Engel, Markus</subfield>
         <subfield code="e">author</subfield>
         <subfield code="u">Institute of Forest Growth, University of Natural Resources and Life
        Sciences, Peter-Jordan-Str. 82, 1190 Vienna, Austria</subfield>
      </datafield>
      <datafield tag="245" ind1="1" ind2="0">
         <subfield code="a">Plastic tree crowns contribute to small-scale heterogeneity in virgin beech
        forests—An individual-based modeling approach</subfield>
      </datafield>
      <datafield tag="300" ind1=" " ind2=" ">
         <subfield code="a">p. 28-39.</subfield>
      </datafield>
      <datafield tag="520" ind1=" " ind2=" ">
         <subfield code="a">Old-growth beech (Fagus sylvatica L.) forests in Europe show a structural
        heterogeneity, which distinguish from managed ones. Recent investigations revealed that
        facilitative belowground interactions might counteract aboveground competition for light.
        However, the exact interaction of these mechanisms is unclear. We developed the
        BEEchPlasticity (BEEP) model to investigate whether the mere focus on the aboveground
        competition for canopy space with subsequent modeling of the light transmittance through the
        forest canopy suffices to reproduce the observed structural attributes. The BEEP model is
        individual-based, and explicitly describes the plasticity of tree crowns in a
        three-dimensional space through a geometric approach. This conceptual design allows tracing
        neighborhood effects to the forest stand level.We ran 10 simulation experiments with 1000
        time steps on a simulation area of 0.5öha. We analyzed the emerging spatial point patterns,
        gap dynamics as well as distributions of tree age, tree height, tree crown projection area,
        and tree diameter. By applying various indices that revealed the emergent horizontal and
        vertical forest structure, we were able to show a strong mutual link between beech crown
        plasticity and forest heterogeneity. The crown plasticity enabled the trees to close small
        gaps, which resulted in a highly dynamic tree regeneration, which in turn led to a
        small-scale heterogeneous forest structure. We found that, over long periods, crown
        centroids of canopy trees taller than 20öm were more regularly distributed than stem foot
        points. Absolute crown displacements were greater than reported from beech stands in
        North-Germany and the Sudetes in the Czech Republic. This indicates a need to restrain the
        model crown growth in order to recognize tree architecture and stability. We could simulate
        an increasing forest structural heterogeneity. Starting with a structural homogeneous layer
        of tree saplings, we showed that forest structures similar to those in unmanaged beech
        forests took several tree generations or approximately 700 time steps to emerge. We
        recommend enhancing this model approach with spatial explicit modeling of the leaf-area
        distribution, which has already been done for single beech trees.</subfield>
      </datafield>
      <datafield tag="592" ind1=" " ind2=" ">
         <subfield code="a">Publisher supplied data</subfield>
      </datafield>
      <datafield tag="593" ind1=" " ind2=" ">
         <subfield code="a">PubAg article</subfield>
      </datafield>
      <datafield tag="650" ind1=" " ind2="3">
         <subfield code="a">Fagus sylvatica</subfield>
      </datafield>
      <datafield tag="650" ind1=" " ind2="3">
         <subfield code="a">forest canopy</subfield>
      </datafield>
      <datafield tag="650" ind1=" " ind2="3">
         <subfield code="a">forest stands</subfield>
      </datafield>
      <datafield tag="650" ind1=" " ind2="3">
         <subfield code="a">geometry</subfield>
      </datafield>
      <datafield tag="650" ind1=" " ind2="3">
         <subfield code="a">leaf area</subfield>
      </datafield>
      <datafield tag="650" ind1=" " ind2="3">
         <subfield code="a">models</subfield>
      </datafield>
      <datafield tag="650" ind1=" " ind2="3">
         <subfield code="a">old-growth forests</subfield>
      </datafield>
      <datafield tag="650" ind1=" " ind2="3">
         <subfield code="a">plasticity</subfield>
      </datafield>
      <datafield tag="650" ind1=" " ind2="3">
         <subfield code="a">saplings</subfield>
      </datafield>
      <datafield tag="650" ind1=" " ind2="3">
         <subfield code="a">transmittance</subfield>
      </datafield>
      <datafield tag="650" ind1=" " ind2="3">
         <subfield code="a">tree and stand measurements</subfield>
      </datafield>
      <datafield tag="650" ind1=" " ind2="3">
         <subfield code="a">tree crown</subfield>
      </datafield>
      <datafield tag="651" ind1=" " ind2="3">
         <subfield code="a">Czech Republic</subfield>
      </datafield>
      <datafield tag="653" ind1=" " ind2="0">
         <subfield code="a">Old-growth forests</subfield>
      </datafield>
      <datafield tag="653" ind1=" " ind2="0">
         <subfield code="a">Beech</subfield>
      </datafield>
      <datafield tag="653" ind1=" " ind2="0">
         <subfield code="a">Fagus sylvatica L.</subfield>
      </datafield>
      <datafield tag="653" ind1=" " ind2="0">
         <subfield code="a">Crown plasticity</subfield>
      </datafield>
      <datafield tag="700" ind1="1" ind2=" ">
         <subfield code="a">Körner, Michael</subfield>
         <subfield code="e">author</subfield>
         <subfield code="u">Competence Centre for Wood and Forestry, Public Enterprise Sachsenforst,
        Bonnewitzer Str. 34, 01796 Pirna, Germany</subfield>
      </datafield>
      <datafield tag="700" ind1="1" ind2=" ">
         <subfield code="a">Berger, Uta</subfield>
         <subfield code="e">author</subfield>
         <subfield code="u">Faculty of Environmental Sciences, Institute of Forest Growth and Computer
        Sciences TU Dresden, Pienner Straße 8, 01737 Tharandt, Germany</subfield>
      </datafield>
      <datafield tag="773" ind1="0" ind2=" ">
         <subfield code="t">Ecological modelling.</subfield>
         <subfield code="g">2018 May 24, v. 376 p.28-39</subfield>
         <subfield code="d">Elsevier B.V.</subfield>
         <subfield code="w">Journal:jnl6191</subfield>
         <subfield code="x">0304-3800</subfield>
         <subfield code="7">nnas</subfield>
      </datafield>
      <datafield tag="787" ind1="1" ind2=" ">
         <subfield code="o">islandora_article_repository</subfield>
      </datafield>
      <datafield tag="787" ind1="1" ind2=" ">
         <subfield code="o">product_pubag</subfield>
      </datafield>
      <datafield tag="787" ind1="1" ind2=" ">
         <subfield code="o">(Journal)jnl6191</subfield>
      </datafield>
      <datafield tag="856" ind1="4" ind2="0">
         <subfield code="u">https://dx.doi.org/10.1016/j.ecolmodel.2018.03.001</subfield>
         <subfield code="3">Available from publisher's site</subfield>
      </datafield>
      <datafield tag="912" ind1=" " ind2=" ">
         <subfield code="a">Article</subfield>
      </datafield>
      <datafield tag="914" ind1=" " ind2=" ">
         <subfield code="a">Journal:jnl6191</subfield>
         <subfield code="b">0304-3800</subfield>
         <subfield code="c">376</subfield>
         <subfield code="e">28</subfield>
      </datafield>
      <datafield tag="914" ind1=" " ind2=" ">
         <subfield code="f">Ecological modelling</subfield>
      </datafield>
      <datafield tag="916" ind1=" " ind2=" ">
         <subfield code="a">Batch:1967</subfield>
      </datafield>
      <datafield tag="917" ind1=" " ind2=" ">
         <subfield code="a">issued</subfield>
      </datafield>
      <datafield tag="918" ind1="2" ind2=" ">
         <subfield code="a">Elsevier Consyn</subfield>
         <subfield code="e">provider</subfield>
         <subfield code="5">DNAL</subfield>
      </datafield>
      <datafield tag="935" ind1=" " ind2=" ">
         <subfield code="a">IND605927132</subfield>
         <subfield code="9">ExL</subfield>
      </datafield>
      <datafield tag="949" ind1=" " ind2=" ">
         <subfield code="a">2019-04-01</subfield>
      </datafield>
      <datafield tag="953" ind1=" " ind2=" ">
         <subfield code="a">/data/metadata/incoming/consyn-backfiles/46-2-00053-HEAD-ONLY.zip</subfield>
      </datafield>
      <datafield tag="954" ind1=" " ind2=" ">
         <subfield code="a">file:/data/metadata/staging/consyn-backfiles/S0304380018300772.xml</subfield>
      </datafield>
      <datafield tag="955" ind1=" " ind2=" ">
         <subfield code="a">/data/metadata/staging/consyn-backfiles/</subfield>
      </datafield>
      <datafield tag="974" ind1=" " ind2=" ">
         <subfield code="a">agid:5927132</subfield>
      </datafield>
      <datafield tag="983" ind1=" " ind2=" ">
         <subfield code="a">2019-04-01</subfield>
      </datafield>
      <datafield tag="984" ind1=" " ind2=" ">
         <subfield code="a">2019-04-01</subfield>
      </datafield>
   </record>