
   <!--Record: 163-->
   <record>
      <leader>06155nab a2200745 u 4500</leader>
      <controlfield tag="001">9915866228507426</controlfield>
      <controlfield tag="005">20221119093651.0</controlfield>
      <controlfield tag="008">170719e20151001xx |||||o|||||||||||eng||</controlfield>
      <datafield tag="016" ind1="7" ind2=" ">
         <subfield code="a">IND605632503</subfield>
         <subfield code="2">DNAL</subfield>
      </datafield>
      <datafield tag="024" ind1="7" ind2=" ">
         <subfield code="a">10.1016/j.geomorph.2015.06.010</subfield>
         <subfield code="2">doi</subfield>
      </datafield>
      <datafield tag="035" ind1=" " ind2=" ">
         <subfield code="a">agid:5632503-01nal_inst</subfield>
      </datafield>
      <datafield tag="040" ind1=" " ind2=" ">
         <subfield code="a">AGL</subfield>
         <subfield code="b">eng</subfield>
         <subfield code="c">AGL</subfield>
      </datafield>
      <datafield tag="100" ind1="1" ind2=" ">
         <subfield code="a">Favillier, Adrien</subfield>
         <subfield code="e">author</subfield>
         <subfield code="u">Institut de Géographie Alpine, Laboratoire Politique publiques, Action
        Politique, Territoire (PACTE) UMR 5194 du CNRS, Université Joseph Fourier, 14 bis avenue
        Marie Reynoard, 38100 Grenoble, France</subfield>
      </datafield>
      <datafield tag="245" ind1="1" ind2="0">
         <subfield code="a">Potential of two submontane broadleaved species (Acer opalus, Quercus
        pubescens) to reveal spatiotemporal patterns of rockfall activity</subfield>
      </datafield>
      <datafield tag="300" ind1=" " ind2=" ">
         <subfield code="a">p. 35-47.</subfield>
      </datafield>
      <datafield tag="520" ind1=" " ind2=" ">
         <subfield code="a">Long-term records of rockfalls have proven to be scarce and typically
        incomplete, especially in increasingly urbanized areas where inventories are largely absent
        and the risk associated with rockfall events rises proportionally with urbanization. On
        forested slopes, tree-ring analyses may help to fill this gap, as they have been
        demonstrated to provide annually-resolved data on past rockfall activity over long periods.
        Yet, the reconstruction of rockfall chronologies has been hampered in the past by the
        paucity of studies that include broadleaved tree species, which are, in fact, quite common
        in various rockfall-prone environments. In this study, we test the sensitivity of two
        common, yet unstudied, broadleaved species — Quercus pubescens Willd. (Qp) and Acer opalus
        Mill. (Ao) — to record rockfall impacts. The approach is based on a systematic mapping of
        trees and the counting of visible scars on the stem surface of both species. Data are
        presented from a site in the Vercors massif (French Alps) where rocks are frequently
        detached from Valanginian limestone and marl cliffs. We compare recurrence interval maps
        obtained from both species and from two different sets of tree structures (i.e., single
        trees vs. coppice stands) based on Cohen's k coefficient and the mean absolute error. A
        total of 1230 scars were observed on the stem surface of 847 A. opalus and Q. pubescens
        trees. Both methods yield comparable results on the spatial distribution of relative
        rockfall activity with similar downslope decreasing recurrence intervals. Yet recurrence
        intervals vary significantly according to tree species and tree structure. The recurrence
        interval observed on the stem surface of Q. pubescens exceeds that of A. opalus by
        &gt;20years in the lower part of the studied plot. Similarly, the recurrence interval map
        derived from A. opalus coppice stands, dominant at the stand scale, does not exhibit a clear
        spatial pattern. Differences between species may be explained by the bark thickness of Q.
        pubescens, which has been demonstrated to grow at twice the rate of A. opalus, thus
        constituting a mechanical barrier that is able to buffer low energy rockfalls and thus can
        avoid damage to the underlying tissues. The reasons for differences between tree structures
        are related to the clustered coppice-specific spatial stem distribution in clumps that could
        result on one hand in bigger gaps between clumps, which in turn decreases the probability of
        tree impacts for traveling blocks. On the other hand, data also indicate that several scars
        on the bark of coppice stands may stem from the same impact and thus may lead to an
        overestimation of rockfall activity.</subfield>
      </datafield>
      <datafield tag="592" ind1=" " ind2=" ">
         <subfield code="a">Publisher supplied data</subfield>
      </datafield>
      <datafield tag="593" ind1=" " ind2=" ">
         <subfield code="a">PubAg article</subfield>
      </datafield>
      <datafield tag="650" ind1=" " ind2="3">
         <subfield code="a">Acer opalus</subfield>
      </datafield>
      <datafield tag="650" ind1=" " ind2="3">
         <subfield code="a">Quercus pubescens</subfield>
      </datafield>
      <datafield tag="650" ind1=" " ind2="3">
         <subfield code="a">bark</subfield>
      </datafield>
      <datafield tag="650" ind1=" " ind2="3">
         <subfield code="a">cliffs</subfield>
      </datafield>
      <datafield tag="650" ind1=" " ind2="3">
         <subfield code="a">coppicing</subfield>
      </datafield>
      <datafield tag="650" ind1=" " ind2="3">
         <subfield code="a">dendroclimatology</subfield>
      </datafield>
      <datafield tag="650" ind1=" " ind2="3">
         <subfield code="a">energy</subfield>
      </datafield>
      <datafield tag="650" ind1=" " ind2="3">
         <subfield code="a">inventories</subfield>
      </datafield>
      <datafield tag="650" ind1=" " ind2="3">
         <subfield code="a">limestone</subfield>
      </datafield>
      <datafield tag="650" ind1=" " ind2="3">
         <subfield code="a">marl</subfield>
      </datafield>
      <datafield tag="650" ind1=" " ind2="3">
         <subfield code="a">risk</subfield>
      </datafield>
      <datafield tag="650" ind1=" " ind2="3">
         <subfield code="a">rockfalls</subfield>
      </datafield>
      <datafield tag="650" ind1=" " ind2="3">
         <subfield code="a">trees</subfield>
      </datafield>
      <datafield tag="650" ind1=" " ind2="3">
         <subfield code="a">urban areas</subfield>
      </datafield>
      <datafield tag="650" ind1=" " ind2="3">
         <subfield code="a">urbanization</subfield>
      </datafield>
      <datafield tag="651" ind1=" " ind2="3">
         <subfield code="a">Alps region</subfield>
      </datafield>
      <datafield tag="651" ind1=" " ind2="3">
         <subfield code="a">France</subfield>
      </datafield>
      <datafield tag="653" ind1=" " ind2="0">
         <subfield code="a">Forest–rockfall interactions</subfield>
      </datafield>
      <datafield tag="653" ind1=" " ind2="0">
         <subfield code="a">Coppice stands</subfield>
      </datafield>
      <datafield tag="653" ind1=" " ind2="0">
         <subfield code="a">Dendrogeomorphology</subfield>
      </datafield>
      <datafield tag="653" ind1=" " ind2="0">
         <subfield code="a">Recurrence intervals</subfield>
      </datafield>
      <datafield tag="653" ind1=" " ind2="0">
         <subfield code="a">Submontane broadleaved species</subfield>
      </datafield>
      <datafield tag="653" ind1=" " ind2="0">
         <subfield code="a">French Alps</subfield>
      </datafield>
      <datafield tag="700" ind1="1" ind2=" ">
         <subfield code="a">Lopez-Saez, Jérôme</subfield>
         <subfield code="e">author</subfield>
         <subfield code="u">Institut national de Recherche en Sciences et Technologies pour
        l'Environnement et l'Agriculture (IRSTEA), UR EMGR, 38402 St-Martin-d'Hères cedex,
        France</subfield>
      </datafield>
      <datafield tag="700" ind1="1" ind2=" ">
         <subfield code="a">Corona, Christophe</subfield>
         <subfield code="e">author</subfield>
         <subfield code="u">UMR6042 Geolab, Université Blaise Pascal, 4 rue Ledru, F-63057
        Clermont-Ferrand, France</subfield>
      </datafield>
      <datafield tag="700" ind1="1" ind2=" ">
         <subfield code="a">Trappmann, Daniel</subfield>
         <subfield code="e">author</subfield>
         <subfield code="u">Dendrolab.ch, Institute of Geological Sciences, University of Berne,
        Baltzerstrasse 1+3, CH-3012 Berne, Switzerland</subfield>
      </datafield>
      <datafield tag="700" ind1="1" ind2=" ">
         <subfield code="a">Toe, David</subfield>
         <subfield code="e">author</subfield>
         <subfield code="u">Institut national de Recherche en Sciences et Technologies pour
        l'Environnement et l'Agriculture (IRSTEA), UR EMGR, 38402 St-Martin-d'Hères cedex,
        France</subfield>
      </datafield>
      <datafield tag="700" ind1="1" ind2=" ">
         <subfield code="a">Stoffel, Markus</subfield>
         <subfield code="e">author</subfield>
         <subfield code="u">Dendrolab.ch, Institute of Geological Sciences, University of Berne,
        Baltzerstrasse 1+3, CH-3012 Berne, Switzerland</subfield>
      </datafield>
      <datafield tag="700" ind1="1" ind2=" ">
         <subfield code="a">Rovéra, Georges</subfield>
         <subfield code="e">author</subfield>
         <subfield code="u">Institut de Géographie Alpine, Laboratoire Politique publiques, Action
        Politique, Territoire (PACTE) UMR 5194 du CNRS, Université Joseph Fourier, 14 bis avenue
        Marie Reynoard, 38100 Grenoble, France</subfield>
      </datafield>
      <datafield tag="700" ind1="1" ind2=" ">
         <subfield code="a">Berger, Frédéric</subfield>
         <subfield code="e">author</subfield>
         <subfield code="u">Institut national de Recherche en Sciences et Technologies pour
        l'Environnement et l'Agriculture (IRSTEA), UR EMGR, 38402 St-Martin-d'Hères cedex,
        France</subfield>
      </datafield>
      <datafield tag="773" ind1="0" ind2=" ">
         <subfield code="t">Geomorphology.</subfield>
         <subfield code="g">2015 Oct. 01, v. 246 p.35-47</subfield>
         <subfield code="d">Elsevier B.V.</subfield>
         <subfield code="x">0169-555X</subfield>
         <subfield code="7">nnas</subfield>
      </datafield>
      <datafield tag="787" ind1="1" ind2=" ">
         <subfield code="o">islandora_article_repository</subfield>
      </datafield>
      <datafield tag="787" ind1="1" ind2=" ">
         <subfield code="o">product_pubag</subfield>
      </datafield>
      <datafield tag="787" ind1="1" ind2=" ">
         <subfield code="o">(Journal)12407</subfield>
      </datafield>
      <datafield tag="856" ind1="4" ind2="0">
         <subfield code="u">http://dx.doi.org/10.1016/j.geomorph.2015.06.010</subfield>
         <subfield code="3">Available from publisher's site</subfield>
      </datafield>
      <datafield tag="912" ind1=" " ind2=" ">
         <subfield code="a">Article</subfield>
      </datafield>
      <datafield tag="914" ind1=" " ind2=" ">
         <subfield code="a">Journal:12407</subfield>
         <subfield code="b">0169-555X</subfield>
         <subfield code="c">246</subfield>
         <subfield code="e">35</subfield>
      </datafield>
      <datafield tag="914" ind1=" " ind2=" ">
         <subfield code="f">Geomorphology</subfield>
      </datafield>
      <datafield tag="916" ind1=" " ind2=" ">
         <subfield code="a">Batch:1552</subfield>
      </datafield>
      <datafield tag="917" ind1=" " ind2=" ">
         <subfield code="a">issued</subfield>
      </datafield>
      <datafield tag="918" ind1="2" ind2=" ">
         <subfield code="a">Elsevier Consyn</subfield>
         <subfield code="e">provider</subfield>
         <subfield code="5">DNAL</subfield>
      </datafield>
      <datafield tag="935" ind1=" " ind2=" ">
         <subfield code="a">IND605632503</subfield>
         <subfield code="9">ExL</subfield>
      </datafield>
      <datafield tag="949" ind1=" " ind2=" ">
         <subfield code="a">2017-03-07</subfield>
      </datafield>
      <datafield tag="953" ind1=" " ind2=" ">
         <subfield code="a">35071-00004-HEAD-ONLY-NALCOLLECTIONDEVELOPMENT.zip</subfield>
      </datafield>
      <datafield tag="974" ind1=" " ind2=" ">
         <subfield code="a">agid:5632503</subfield>
      </datafield>
      <datafield tag="983" ind1=" " ind2=" ">
         <subfield code="a">2017-07-19</subfield>
      </datafield>
      <datafield tag="984" ind1=" " ind2=" ">
         <subfield code="a">2017-07-19</subfield>
      </datafield>
   </record>