
   <!--Record: 164-->
   <record>
      <leader>04756nab a2200709 u 4500</leader>
      <controlfield tag="001">9915866336707426</controlfield>
      <controlfield tag="005">20221119094322.0</controlfield>
      <controlfield tag="008">210727e202107 xx |||||o|||||||||||eng||</controlfield>
      <datafield tag="016" ind1="7" ind2=" ">
         <subfield code="a">IND607457490</subfield>
         <subfield code="2">DNAL</subfield>
      </datafield>
      <datafield tag="024" ind1="7" ind2=" ">
         <subfield code="a">10.1111/mec.15950</subfield>
         <subfield code="2">doi</subfield>
      </datafield>
      <datafield tag="035" ind1=" " ind2=" ">
         <subfield code="a">agid:7457490-01nal_inst</subfield>
      </datafield>
      <datafield tag="040" ind1=" " ind2=" ">
         <subfield code="a">AGL</subfield>
         <subfield code="b">eng</subfield>
         <subfield code="c">AGL</subfield>
      </datafield>
      <datafield tag="100" ind1="1" ind2=" ">
         <subfield code="a">González‐Robles, Ana</subfield>
         <subfield code="e">author</subfield>
         <subfield code="u">Departamento de Biología Animal, Biología Vegetal y Ecología, Universidad
        de Jaén, Jaén, Spain</subfield>
         <subfield code="1">https://orcid.org/0000-0003-3135-8905</subfield>
      </datafield>
      <datafield tag="245" ind1="1" ind2="0">
         <subfield code="a">Extensive pollen‐mediated gene flow across intensively managed landscapes
        in an insect‐pollinated shrub native to semiarid habitats</subfield>
      </datafield>
      <datafield tag="300" ind1=" " ind2=" ">
         <subfield code="a">p. 3408-3421.</subfield>
      </datafield>
      <datafield tag="500" ind1=" " ind2=" ">
         <subfield code="a">JOURNAL ARTICLE</subfield>
      </datafield>
      <datafield tag="520" ind1=" " ind2=" ">
         <subfield code="a">Our knowledge of the impact of landscape fragmentation on gene flow
        patterns is mainly drawn from tropical and temperate ecosystems, where landscape features,
        such as the distance of a tree to the forest edge, drive connectivity and mating patterns.
        Yet, the structure of arid and semiarid plant communities – with open canopies and a
        scattered distribution of trees – differs greatly from those that are well‐characterized in
        the literature. As a result, we ignore whether the documented consequences of landscape
        fragmentation on plant mating and gene flow patterns also hold for native plant communities
        in arid and semiarid regions. We investigated the relative contribution of plant traits,
        pollinator activity, and individual neighbourhood in explaining variation in mating and gene
        flow patterns of an insect‐pollinated semiarid arborescent shrub, Ziziphus lotus, at three
        sites embedded in highly altered agriculture landscapes. We used 14 SSRs, seed paternity
        analyses, and individual mixed effect mating models (MEMMi) to estimate the individual
        mating variables and the pollen dispersal kernel at each site. Individual spatial location,
        flower density, and floral visitation rate explained most of the variation of mating
        variables. Unexpectedly, individual correlated paternity was very low and shrubs surrounded
        by the most degraded matrix exhibited an increased fraction of pollen immigration and a high
        effective number of pollen donors per mother shrub. Overall, our results reveal that an
        active pollinator assemblage ensures highly efficient mating, and maintains pollen‐mediated
        gene flow and notable connectivity levels, even in highly altered landscapes, potentially
        halting genetic isolation within and between distant sites.</subfield>
      </datafield>
      <datafield tag="592" ind1=" " ind2=" ">
         <subfield code="a">Publisher supplied data</subfield>
      </datafield>
      <datafield tag="593" ind1=" " ind2=" ">
         <subfield code="a">PubAg article</subfield>
      </datafield>
      <datafield tag="596" ind1=" " ind2=" ">
         <subfield code="c">Universidad de Jaén</subfield>
      </datafield>
      <datafield tag="596" ind1=" " ind2=" ">
         <subfield code="c">Junta de Andalucía</subfield>
      </datafield>
      <datafield tag="596" ind1=" " ind2=" ">
         <subfield code="a">FEDER‐UJA 1261180</subfield>
         <subfield code="c">European Commission</subfield>
      </datafield>
      <datafield tag="596" ind1=" " ind2=" ">
         <subfield code="a">IF/01375/2012</subfield>
         <subfield code="c">Fundação para a Ciência e a Tecnologia</subfield>
      </datafield>
      <datafield tag="596" ind1=" " ind2=" ">
         <subfield code="a">RYC‐2010‐06237</subfield>
         <subfield code="c">Ministerio de Ciencia e Innovación</subfield>
      </datafield>
      <datafield tag="650" ind1=" " ind2="3">
         <subfield code="a">Ziziphus lotus</subfield>
      </datafield>
      <datafield tag="650" ind1=" " ind2="3">
         <subfield code="a">edge effects</subfield>
      </datafield>
      <datafield tag="650" ind1=" " ind2="3">
         <subfield code="a">flowers</subfield>
      </datafield>
      <datafield tag="650" ind1=" " ind2="3">
         <subfield code="a">gene flow</subfield>
      </datafield>
      <datafield tag="650" ind1=" " ind2="3">
         <subfield code="a">habitat fragmentation</subfield>
      </datafield>
      <datafield tag="650" ind1=" " ind2="3">
         <subfield code="a">indigenous species</subfield>
      </datafield>
      <datafield tag="650" ind1=" " ind2="3">
         <subfield code="a">insect pollination</subfield>
      </datafield>
      <datafield tag="650" ind1=" " ind2="3">
         <subfield code="a">landscapes</subfield>
      </datafield>
      <datafield tag="650" ind1=" " ind2="3">
         <subfield code="a">paternity</subfield>
      </datafield>
      <datafield tag="650" ind1=" " ind2="3">
         <subfield code="a">pollen</subfield>
      </datafield>
      <datafield tag="650" ind1=" " ind2="3">
         <subfield code="a">pollen flow</subfield>
      </datafield>
      <datafield tag="650" ind1=" " ind2="3">
         <subfield code="a">pollinators</subfield>
      </datafield>
      <datafield tag="650" ind1=" " ind2="3">
         <subfield code="a">shrubs</subfield>
      </datafield>
      <datafield tag="650" ind1=" " ind2="3">
         <subfield code="a">trees</subfield>
      </datafield>
      <datafield tag="700" ind1="1" ind2=" ">
         <subfield code="a">García, Cristina</subfield>
         <subfield code="e">author</subfield>
         <subfield code="u">Department of Evolution, Ecology, and Behaviour, Institute of Integrative
        Biology, University of Liverpool, Liverpool, UK</subfield>
      </datafield>
      <datafield tag="700" ind1="1" ind2=" ">
         <subfield code="a">Salido, Teresa</subfield>
         <subfield code="e">author</subfield>
         <subfield code="u">Departamento de Biología Animal, Biología Vegetal y Ecología, Universidad
        de Jaén, Jaén, Spain</subfield>
      </datafield>
      <datafield tag="700" ind1="1" ind2=" ">
         <subfield code="a">Manzaneda, Antonio J.</subfield>
         <subfield code="e">author</subfield>
         <subfield code="u">Departamento de Biología Animal, Biología Vegetal y Ecología, Universidad
        de Jaén, Jaén, Spain</subfield>
      </datafield>
      <datafield tag="700" ind1="1" ind2=" ">
         <subfield code="a">Rey, Pedro J.</subfield>
         <subfield code="e">author</subfield>
         <subfield code="u">Departamento de Biología Animal, Biología Vegetal y Ecología, Universidad
        de Jaén, Jaén, Spain</subfield>
      </datafield>
      <datafield tag="773" ind1="0" ind2=" ">
         <subfield code="t">Molecular ecology.</subfield>
         <subfield code="g">2021 July, v. 30, no. 14 p.3408-3421</subfield>
         <subfield code="d">John Wiley &amp; Sons, Ltd</subfield>
         <subfield code="w">Journal:jnl48811</subfield>
         <subfield code="x">0962-1083</subfield>
         <subfield code="7">nnas</subfield>
      </datafield>
      <datafield tag="787" ind1="1" ind2=" ">
         <subfield code="o">islandora_article_repository</subfield>
      </datafield>
      <datafield tag="787" ind1="1" ind2=" ">
         <subfield code="o">product_pubag</subfield>
      </datafield>
      <datafield tag="787" ind1="1" ind2=" ">
         <subfield code="o">(Journal)jnl48811</subfield>
      </datafield>
      <datafield tag="856" ind1="4" ind2="0">
         <subfield code="u">http://dx.doi.org/10.1111/mec.15950</subfield>
         <subfield code="3">Available from publisher's site</subfield>
      </datafield>
      <datafield tag="912" ind1=" " ind2=" ">
         <subfield code="a">Article</subfield>
      </datafield>
      <datafield tag="914" ind1=" " ind2=" ">
         <subfield code="a">Journal:jnl48811</subfield>
         <subfield code="b">0962-1083</subfield>
         <subfield code="c">30</subfield>
         <subfield code="d">14</subfield>
         <subfield code="e">3408</subfield>
      </datafield>
      <datafield tag="914" ind1=" " ind2=" ">
         <subfield code="f">Molecular ecology</subfield>
      </datafield>
      <datafield tag="916" ind1=" " ind2=" ">
         <subfield code="a">Batch:10192</subfield>
      </datafield>
      <datafield tag="917" ind1=" " ind2=" ">
         <subfield code="a">issued</subfield>
      </datafield>
      <datafield tag="918" ind1="2" ind2=" ">
         <subfield code="a">John Wiley &amp; Sons, Inc</subfield>
         <subfield code="e">provider</subfield>
         <subfield code="5">DNAL</subfield>
      </datafield>
      <datafield tag="935" ind1=" " ind2=" ">
         <subfield code="a">IND607457490</subfield>
         <subfield code="9">ExL</subfield>
      </datafield>
      <datafield tag="949" ind1=" " ind2=" ">
         <subfield code="a">2022-02-22</subfield>
      </datafield>
      <datafield tag="952" ind1=" " ind2=" ">
         <subfield code="d">NAL-AP-2-clean</subfield>
      </datafield>
      <datafield tag="953" ind1=" " ind2=" ">
         <subfield code="a">/data/metadata/incoming/wiley/09621083_2021_30_14.xml</subfield>
      </datafield>
      <datafield tag="954" ind1=" " ind2=" ">
         <subfield code="a">file:/data/metadata/staging/wiley/09621083_2021_30_14.xml</subfield>
      </datafield>
      <datafield tag="955" ind1=" " ind2=" ">
         <subfield code="a">/data/metadata/staging/wiley/</subfield>
      </datafield>
      <datafield tag="974" ind1=" " ind2=" ">
         <subfield code="a">agid:7457490</subfield>
      </datafield>
      <datafield tag="983" ind1=" " ind2=" ">
         <subfield code="a">2021-07-27</subfield>
      </datafield>
      <datafield tag="984" ind1=" " ind2=" ">
         <subfield code="a">2022-02-18</subfield>
      </datafield>
   </record>