
   <!--Record: 167-->
   <record>
      <leader>04523nab a2200649 u 4500</leader>
      <controlfield tag="001">9915866427707426</controlfield>
      <controlfield tag="005">20221119095657.0</controlfield>
      <controlfield tag="008">151127e200204 xx |||||o|||||||||||eng||</controlfield>
      <datafield tag="016" ind1="7" ind2=" ">
         <subfield code="a">IND500650471</subfield>
         <subfield code="2">DNAL</subfield>
      </datafield>
      <datafield tag="024" ind1="7" ind2=" ">
         <subfield code="a">10.1111/j.1654-1103.2002.tb02034.x</subfield>
         <subfield code="2">doi</subfield>
      </datafield>
      <datafield tag="035" ind1=" " ind2=" ">
         <subfield code="a">agid:114209-01nal_inst</subfield>
      </datafield>
      <datafield tag="040" ind1=" " ind2=" ">
         <subfield code="a">AGL</subfield>
         <subfield code="b">eng</subfield>
         <subfield code="c">AGL</subfield>
      </datafield>
      <datafield tag="100" ind1="1" ind2=" ">
         <subfield code="a">Balvanera, Patricia</subfield>
         <subfield code="e">author</subfield>
         <subfield code="u">Departamento de Ecologíía de los Recursos Naturales, Instituto de
        Ecologíía, Universidad Nacional Autóónoma de Mééxico, A.P. 27-3, Morelia, Michoacáán 58089,
        Mexico</subfield>
      </datafield>
      <datafield tag="245" ind1="1" ind2="0">
         <subfield code="a">Patterns of ββ-diversity in a Mexican tropical dry forest</subfield>
      </datafield>
      <datafield tag="300" ind1=" " ind2=" ">
         <subfield code="a">p. 145-158.</subfield>
      </datafield>
      <datafield tag="520" ind1=" " ind2=" ">
         <subfield code="a">Patterns of ββ-diversity in a highly diverse tropical dry forest tree
        community are described; the contribution of environmental heterogeneity and distance to
        ββ-diversity was assessed. Significant differences in elevation, insolation, slope and soil
        water holding capacity (p &lt; 0.01), variables related to water availability, were found
        among 8 30 m ×× 100 m transects laid along contrasting slopes of a system of three parallel
        microbasins. A gradient in elevation and insolation was found within north-facing transects,
        among 10 m ×× 10 m sites; south-facing transects showed an elevation gradient while crest
        transects showed a gradient in water holding capacity. In total 119 species were registered,
        with 27 to 64 species per transect, and 4 to 16 species per site. A large ββ-diversity was
        found among and within transects; two indices of ββ-diversity consistently showed a higher
        ββ-diversity within transects than among them. Among transects, 64%% of the variance in
        species composition could be attributed to the environmental variables; an additional 22%%
        to the spatial distribution of sites. Within transects, 42%% of the deviance in ββ-diversity
        values was explained by insolation, and 19%% by distance. ββ-diversity increased with
        distance and with difference in insolation among sites; north-facing transects, those with
        most contrasting insolation conditions, had the steepest increase in ββ-diversity with
        distance. Such increase was clearly associated with changes in species composition, not with
        changes in species richness.Nomenclature: Lott ((1993; in press)).Abbreviations: AWHC ==
        Available water holding capacity; TDF == Tropical dry forest.</subfield>
      </datafield>
      <datafield tag="592" ind1=" " ind2=" ">
         <subfield code="a">Publisher supplied data</subfield>
      </datafield>
      <datafield tag="593" ind1=" " ind2=" ">
         <subfield code="a">PubAg article</subfield>
      </datafield>
      <datafield tag="650" ind1=" " ind2="3">
         <subfield code="a">environmental factors</subfield>
      </datafield>
      <datafield tag="650" ind1=" " ind2="3">
         <subfield code="a">forest trees</subfield>
      </datafield>
      <datafield tag="650" ind1=" " ind2="3">
         <subfield code="a">forests</subfield>
      </datafield>
      <datafield tag="650" ind1=" " ind2="3">
         <subfield code="a">soil water</subfield>
      </datafield>
      <datafield tag="650" ind1=" " ind2="3">
         <subfield code="a">solar radiation</subfield>
      </datafield>
      <datafield tag="650" ind1=" " ind2="3">
         <subfield code="a">species diversity</subfield>
      </datafield>
      <datafield tag="650" ind1=" " ind2="3">
         <subfield code="a">variance</subfield>
      </datafield>
      <datafield tag="650" ind1=" " ind2="3">
         <subfield code="a">water holding capacity</subfield>
      </datafield>
      <datafield tag="653" ind1=" " ind2="0">
         <subfield code="a">Canonical Correspondence Analysis</subfield>
      </datafield>
      <datafield tag="653" ind1=" " ind2="0">
         <subfield code="a">Environmental heterogeneity</subfield>
      </datafield>
      <datafield tag="653" ind1=" " ind2="0">
         <subfield code="a">Spatial autocorrelation</subfield>
      </datafield>
      <datafield tag="653" ind1=" " ind2="0">
         <subfield code="a">Spatial species turnover</subfield>
      </datafield>
      <datafield tag="653" ind1=" " ind2="0">
         <subfield code="a">Species composition</subfield>
      </datafield>
      <datafield tag="653" ind1=" " ind2="0">
         <subfield code="a">Species diversity</subfield>
      </datafield>
      <datafield tag="653" ind1=" " ind2="0">
         <subfield code="a">Water availability</subfield>
      </datafield>
      <datafield tag="700" ind1="1" ind2=" ">
         <subfield code="a">Lott, Emily</subfield>
         <subfield code="e">author</subfield>
         <subfield code="u">5005 Red Bluff Road, Austin, TX 78702, USA</subfield>
      </datafield>
      <datafield tag="700" ind1="1" ind2=" ">
         <subfield code="a">Segura, Gerardo</subfield>
         <subfield code="e">author</subfield>
         <subfield code="u">Departamento de Ecologíía Funcional y Aplicada, Instituto de Ecologíía,
        Universidad Nacional Autóónoma de Mééxico</subfield>
      </datafield>
      <datafield tag="700" ind1="1" ind2=" ">
         <subfield code="a">Siebe, Christina</subfield>
         <subfield code="e">author</subfield>
         <subfield code="u">Instituto de Geologíía, Universidad Nacional Autóónoma de
        Mééxico</subfield>
      </datafield>
      <datafield tag="700" ind1="1" ind2=" ">
         <subfield code="a">Islas, Angeles</subfield>
         <subfield code="e">author</subfield>
         <subfield code="u">Departamento de Ecologíía Funcional y Aplicada, Instituto de Ecologíía,
        Universidad Nacional Autóónoma de Mééxico</subfield>
      </datafield>
      <datafield tag="773" ind1="0" ind2=" ">
         <subfield code="t">Journal of vegetation science.</subfield>
         <subfield code="g">2002 Apr., v. 13, no. 2 p.145-158</subfield>
         <subfield code="d">Opulus Press</subfield>
         <subfield code="w">Journal:jnl46820</subfield>
         <subfield code="x">1100-9233</subfield>
         <subfield code="7">nnas</subfield>
      </datafield>
      <datafield tag="787" ind1="1" ind2=" ">
         <subfield code="o">islandora_article_repository</subfield>
      </datafield>
      <datafield tag="787" ind1="1" ind2=" ">
         <subfield code="o">product_pubag</subfield>
      </datafield>
      <datafield tag="787" ind1="1" ind2=" ">
         <subfield code="o">(Journal)jnl46820</subfield>
      </datafield>
      <datafield tag="856" ind1="4" ind2="0">
         <subfield code="u">https://doi.org/10.1111/j.1654-1103.2002.tb02034.x</subfield>
         <subfield code="3">Available from publisher's site</subfield>
      </datafield>
      <datafield tag="912" ind1=" " ind2=" ">
         <subfield code="a">Article</subfield>
      </datafield>
      <datafield tag="914" ind1=" " ind2=" ">
         <subfield code="a">Journal:jnl46820</subfield>
         <subfield code="b">1100-9233</subfield>
         <subfield code="c">13</subfield>
         <subfield code="d">2</subfield>
         <subfield code="e">145</subfield>
      </datafield>
      <datafield tag="914" ind1=" " ind2=" ">
         <subfield code="f">Journal of vegetation science</subfield>
      </datafield>
      <datafield tag="916" ind1=" " ind2=" ">
         <subfield code="a">Batch:663</subfield>
      </datafield>
      <datafield tag="917" ind1=" " ind2=" ">
         <subfield code="a">issued</subfield>
      </datafield>
      <datafield tag="918" ind1="2" ind2=" ">
         <subfield code="a">BioOne</subfield>
         <subfield code="e">provider</subfield>
         <subfield code="5">DNAL</subfield>
      </datafield>
      <datafield tag="935" ind1=" " ind2=" ">
         <subfield code="a">IND500650471</subfield>
         <subfield code="9">ExL</subfield>
      </datafield>
      <datafield tag="949" ind1=" " ind2=" ">
         <subfield code="a">2014-10-09</subfield>
      </datafield>
      <datafield tag="953" ind1=" " ind2=" ">
         <subfield code="a">VEGSv13i2-04290044-174995.zip</subfield>
      </datafield>
      <datafield tag="962" ind1=" " ind2=" ">
         <subfield code="a">Batch:663 annotated on 2014-09-16T12:27:54Z</subfield>
      </datafield>
      <datafield tag="962" ind1=" " ind2=" ">
         <subfield code="a">Batch:663 reviewed on 2014-10-08T16:00:02Z</subfield>
      </datafield>
      <datafield tag="962" ind1=" " ind2=" ">
         <subfield code="a">Batch:663 reviewed on 2014-10-09T04:00:02Z</subfield>
      </datafield>
      <datafield tag="974" ind1=" " ind2=" ">
         <subfield code="a">agid:114209</subfield>
      </datafield>
      <datafield tag="983" ind1=" " ind2=" ">
         <subfield code="a">2015-11-27</subfield>
      </datafield>
      <datafield tag="984" ind1=" " ind2=" ">
         <subfield code="a">2018-06-25</subfield>
      </datafield>
   </record>