
   <!--Record: 171-->
   <record>
      <leader>05031nab a2200745 u 4500</leader>
      <controlfield tag="001">9915867549707426</controlfield>
      <controlfield tag="005">20221119103318.0</controlfield>
      <controlfield tag="008">190403e20170715xx |||||o|||||||||||eng||</controlfield>
      <datafield tag="016" ind1="7" ind2=" ">
         <subfield code="a">IND605676768</subfield>
         <subfield code="2">DNAL</subfield>
      </datafield>
      <datafield tag="024" ind1="7" ind2=" ">
         <subfield code="a">10.1016/j.foreco.2017.04.021</subfield>
         <subfield code="2">doi</subfield>
      </datafield>
      <datafield tag="035" ind1=" " ind2=" ">
         <subfield code="a">agid:5676768-01nal_inst</subfield>
      </datafield>
      <datafield tag="040" ind1=" " ind2=" ">
         <subfield code="a">AGL</subfield>
         <subfield code="b">eng</subfield>
         <subfield code="c">AGL</subfield>
      </datafield>
      <datafield tag="100" ind1="1" ind2=" ">
         <subfield code="a">Nadal-Sala, Daniel</subfield>
         <subfield code="e">author</subfield>
         <subfield code="u">Ecology Section, Department of Evolutionary Biology, Ecology and
        Environmental Sciences, University of Barcelona (UB), Barcelona 08028, Spain</subfield>
      </datafield>
      <datafield tag="245" ind1="1" ind2="0">
         <subfield code="a">Growth and water use performance of four co-occurring riparian tree species
        in a Mediterranean riparian forest</subfield>
      </datafield>
      <datafield tag="300" ind1=" " ind2=" ">
         <subfield code="a">p. 132-142.</subfield>
      </datafield>
      <datafield tag="500" ind1=" " ind2=" ">
         <subfield code="a">2019-12-06</subfield>
      </datafield>
      <datafield tag="520" ind1=" " ind2=" ">
         <subfield code="a">Mediterranean riparian zones act as vegetation shelters for several
        deciduous tree species at the edge of their bioclimatic distribution, e.g. alder (Alnus
        glutinosa), black poplar (Populus nigra) or ash (Fraxinus excelsior). Current global warming
        and human induced disturbances may worsen their growing conditions. Under such
        circumstances, black locust (Robinia pseudoacacia) is outcompeting autochthonous tree
        species. Here, we provide evidences of black locust better growth and water use performance
        than alder and ash. We compare the temporal and spatial patterns of transpiration and the
        stem basal area increments of alder, black poplar, common ash and black locust, all of them
        co-occurring in a mixed riparian Mediterranean forest. Black locust presented the lowest
        transpiration values per basal area unit (4.0mm·m−2·growing season−1). Although tree
        transpiration was mainly driven by energy availability instead of water, ash transpiration
        was constrained by water availability at soil water contents below 0.08cm3·cm−3. Black
        locust was the only tree species growing all over the water availability gradient present in
        the study site, and it did not present any significant difference in sap flow values across
        this gradient. Furthermore, black locust and black poplar were the species with higher
        growth-based water use efficiency (5.4g·cm−1·m−3 and 3.6g·cm−1·m−3, respectively); ash and
        alder were the less efficient ones (2.8g·cm−1·m−3 and 1.9g·cm−1·m−3respectively). The good
        performance of black locust is relevant to understand its great successful invasion of
        Mediterranean riparian forests, particularly after human-induced disturbances, as forest
        management.</subfield>
      </datafield>
      <datafield tag="592" ind1=" " ind2=" ">
         <subfield code="a">Publisher supplied data</subfield>
      </datafield>
      <datafield tag="593" ind1=" " ind2=" ">
         <subfield code="a">PubAg article</subfield>
      </datafield>
      <datafield tag="650" ind1=" " ind2="3">
         <subfield code="a">energy</subfield>
      </datafield>
      <datafield tag="650" ind1=" " ind2="3">
         <subfield code="a">water use efficiency</subfield>
      </datafield>
      <datafield tag="650" ind1=" " ind2="3">
         <subfield code="a">Alnus glutinosa</subfield>
      </datafield>
      <datafield tag="650" ind1=" " ind2="3">
         <subfield code="a">riparian forests</subfield>
      </datafield>
      <datafield tag="650" ind1=" " ind2="3">
         <subfield code="a">sap flow</subfield>
      </datafield>
      <datafield tag="650" ind1=" " ind2="3">
         <subfield code="a">transpiration</subfield>
      </datafield>
      <datafield tag="650" ind1=" " ind2="3">
         <subfield code="a">trees</subfield>
      </datafield>
      <datafield tag="650" ind1=" " ind2="3">
         <subfield code="a">forest management</subfield>
      </datafield>
      <datafield tag="650" ind1=" " ind2="3">
         <subfield code="a">Robinia pseudoacacia</subfield>
      </datafield>
      <datafield tag="650" ind1=" " ind2="3">
         <subfield code="a">Fraxinus excelsior</subfield>
      </datafield>
      <datafield tag="650" ind1=" " ind2="3">
         <subfield code="a">global warming</subfield>
      </datafield>
      <datafield tag="650" ind1=" " ind2="3">
         <subfield code="a">riparian areas</subfield>
      </datafield>
      <datafield tag="650" ind1=" " ind2="3">
         <subfield code="a">soil water</subfield>
      </datafield>
      <datafield tag="650" ind1=" " ind2="3">
         <subfield code="a">stand basal area</subfield>
      </datafield>
      <datafield tag="650" ind1=" " ind2="3">
         <subfield code="a">Populus nigra</subfield>
      </datafield>
      <datafield tag="653" ind1=" " ind2="0">
         <subfield code="a">Water use efficiency</subfield>
      </datafield>
      <datafield tag="653" ind1=" " ind2="0">
         <subfield code="a">Stem growth</subfield>
      </datafield>
      <datafield tag="653" ind1=" " ind2="0">
         <subfield code="a">Mediterranean riparian forests</subfield>
      </datafield>
      <datafield tag="653" ind1=" " ind2="0">
         <subfield code="a">Invasive tree species</subfield>
      </datafield>
      <datafield tag="653" ind1=" " ind2="0">
         <subfield code="a">Forest transpiration</subfield>
      </datafield>
      <datafield tag="653" ind1=" " ind2="0">
         <subfield code="a">basal area</subfield>
      </datafield>
      <datafield tag="653" ind1=" " ind2="0">
         <subfield code="a">Black locust</subfield>
      </datafield>
      <datafield tag="700" ind1="1" ind2=" ">
         <subfield code="a">Sabaté, Santiago</subfield>
         <subfield code="e">author</subfield>
         <subfield code="u">Ecology Section, Department of Evolutionary Biology, Ecology and
        Environmental Sciences, University of Barcelona (UB), Barcelona 08028, Spain</subfield>
      </datafield>
      <datafield tag="700" ind1="1" ind2=" ">
         <subfield code="a">Sánchez-Costa, Elisenda</subfield>
         <subfield code="e">author</subfield>
         <subfield code="u">Institute of Environmental Assessment and Water Research (IDAEA), CSIC,
        Jordi Girona 18-26, 08034 Barcelona, Spain</subfield>
      </datafield>
      <datafield tag="700" ind1="1" ind2=" ">
         <subfield code="a">Poblador, Sílvia</subfield>
         <subfield code="e">author</subfield>
         <subfield code="u">Ecology Section, Department of Evolutionary Biology, Ecology and
        Environmental Sciences, University of Barcelona (UB), Barcelona 08028, Spain</subfield>
      </datafield>
      <datafield tag="700" ind1="1" ind2=" ">
         <subfield code="a">Sabater, Francesc</subfield>
         <subfield code="e">author</subfield>
         <subfield code="u">Ecology Section, Department of Evolutionary Biology, Ecology and
        Environmental Sciences, University of Barcelona (UB), Barcelona 08028, Spain</subfield>
      </datafield>
      <datafield tag="700" ind1="1" ind2=" ">
         <subfield code="a">Gracia, Carlos</subfield>
         <subfield code="e">author</subfield>
         <subfield code="u">Ecology Section, Department of Evolutionary Biology, Ecology and
        Environmental Sciences, University of Barcelona (UB), Barcelona 08028, Spain</subfield>
      </datafield>
      <datafield tag="773" ind1="0" ind2=" ">
         <subfield code="t">Forest ecology and management.</subfield>
         <subfield code="g">2017 July 15, v. 396 p.132-142</subfield>
         <subfield code="d">Elsevier B.V.</subfield>
         <subfield code="w">Journal:jnl9013</subfield>
         <subfield code="x">0378-1127</subfield>
         <subfield code="7">nnas</subfield>
      </datafield>
      <datafield tag="787" ind1="1" ind2=" ">
         <subfield code="o">islandora_article_repository</subfield>
      </datafield>
      <datafield tag="787" ind1="1" ind2=" ">
         <subfield code="o">product_pubag</subfield>
      </datafield>
      <datafield tag="787" ind1="1" ind2=" ">
         <subfield code="o">(Journal)jnl9013</subfield>
      </datafield>
      <datafield tag="856" ind1="4" ind2="0">
         <subfield code="u">https://dx.doi.org/10.1016/j.foreco.2017.04.021</subfield>
         <subfield code="3">Available from publisher's site</subfield>
      </datafield>
      <datafield tag="912" ind1=" " ind2=" ">
         <subfield code="a">Article</subfield>
      </datafield>
      <datafield tag="914" ind1=" " ind2=" ">
         <subfield code="a">Journal:jnl9013</subfield>
         <subfield code="b">0378-1127</subfield>
      </datafield>
      <datafield tag="914" ind1=" " ind2=" ">
         <subfield code="f">Forest ecology and management</subfield>
      </datafield>
      <datafield tag="916" ind1=" " ind2=" ">
         <subfield code="a">Batch:1703</subfield>
      </datafield>
      <datafield tag="917" ind1=" " ind2=" ">
         <subfield code="a">issued</subfield>
      </datafield>
      <datafield tag="918" ind1="2" ind2=" ">
         <subfield code="a">Elsevier Consyn</subfield>
         <subfield code="e">provider</subfield>
         <subfield code="5">DNAL</subfield>
      </datafield>
      <datafield tag="935" ind1=" " ind2=" ">
         <subfield code="a">IND605676768</subfield>
         <subfield code="9">ExL</subfield>
      </datafield>
      <datafield tag="949" ind1=" " ind2=" ">
         <subfield code="a">2019-04-03</subfield>
      </datafield>
      <datafield tag="953" ind1=" " ind2=" ">
         <subfield code="a">/data/metadata/incoming/consyn-backfiles/46-2-00065-HEAD-ONLY.zip</subfield>
      </datafield>
      <datafield tag="954" ind1=" " ind2=" ">
         <subfield code="a">file:/data/metadata/staging/consyn-backfiles/S0378112717302633.xml</subfield>
      </datafield>
      <datafield tag="955" ind1=" " ind2=" ">
         <subfield code="a">/data/metadata/staging/consyn-backfiles/</subfield>
      </datafield>
      <datafield tag="974" ind1=" " ind2=" ">
         <subfield code="a">agid:5676768</subfield>
      </datafield>
      <datafield tag="983" ind1=" " ind2=" ">
         <subfield code="a">2019-04-03</subfield>
      </datafield>
      <datafield tag="984" ind1=" " ind2=" ">
         <subfield code="a">2019-04-03</subfield>
      </datafield>
   </record>