
   <!--Record: 173-->
   <record>
      <leader>03858nab a2200421 u 4500</leader>
      <controlfield tag="001">9915867721807426</controlfield>
      <controlfield tag="005">20221119103416.0</controlfield>
      <controlfield tag="008">151024e201105 xx |||||o|||||||||||eng||</controlfield>
      <datafield tag="016" ind1="7" ind2=" ">
         <subfield code="a">IND601240995</subfield>
         <subfield code="2">DNAL</subfield>
      </datafield>
      <datafield tag="024" ind1="7" ind2=" ">
         <subfield code="a">10.1657/1938-4246-43.2.167</subfield>
         <subfield code="2">doi</subfield>
      </datafield>
      <datafield tag="035" ind1=" " ind2=" ">
         <subfield code="a">agid:1240995-01nal_inst</subfield>
      </datafield>
      <datafield tag="040" ind1=" " ind2=" ">
         <subfield code="a">AGL</subfield>
         <subfield code="b">eng</subfield>
         <subfield code="c">AGL</subfield>
      </datafield>
      <datafield tag="100" ind1="1" ind2=" ">
         <subfield code="a">Malanson, George P.</subfield>
         <subfield code="e">author</subfield>
         <subfield code="u">Department of Geography, University of Iowa, Iowa City, Iowa 52242,
        U.S.A</subfield>
      </datafield>
      <datafield tag="245" ind1="1" ind2="0">
         <subfield code="a">Mountain Treelines: a Roadmap for Research Orientation</subfield>
      </datafield>
      <datafield tag="300" ind1=" " ind2=" ">
         <subfield code="a">p. 167-177.</subfield>
      </datafield>
      <datafield tag="520" ind1=" " ind2=" ">
         <subfield code="a">For over 100 years, mountain treelines have been the subject of varied
        research endeavors and remain a strong area of investigation. The purpose of this paper is
        to examine aspects of the epistemology of mountain treeline research——that is, to
        investigate how knowledge on treelines has been acquired and the changes in knowledge
        acquisition over time, through a review of fundamental questions and approaches. The
        questions treeline researchers have raised and continue to raise have undoubtedly directed
        the current state of knowledge. A continuing, fundamental emphasis has centered on seeking
        the general cause of mountain treelines, thus seeking an answer to the question, ““What
        causes treeline?”” with a primary emphasis on searching for ecophysiological mechanisms of
        low-temperature limitation for tree growth and regeneration. However, treeline research
        today also includes a rich literature that seeks local, landscape-scale causes of treelines
        and reasons why treelines vary so widely in three-dimensional patterns from one location to
        the next, and this approach and some of its consequences are elaborated here. In recent
        years, both lines of research have been motivated greatly by global climate change. Given
        the current state of knowledge, we propose that future research directions focused on a
        spatial approach should specifically address cross-scale hypotheses using statistics and
        simulations designed for nested hierarchies; these analyses will benefit from geographic
        extension of treeline research.</subfield>
      </datafield>
      <datafield tag="592" ind1=" " ind2=" ">
         <subfield code="a">Publisher supplied data</subfield>
      </datafield>
      <datafield tag="700" ind1="1" ind2=" ">
         <subfield code="a">Resler, Lynn M.</subfield>
         <subfield code="e">author</subfield>
         <subfield code="u">Department of Geography, Virginia Tech, Blacksburg, Virginia 24061,
        U.S.A</subfield>
      </datafield>
      <datafield tag="700" ind1="1" ind2=" ">
         <subfield code="a">Bader, Maaike Y.</subfield>
         <subfield code="e">author</subfield>
         <subfield code="u">Functional Ecology of Plants, Department of Biology and Environmental
        Sciences, University of Oldenburg, D-26111 Oldenburg, Germany</subfield>
      </datafield>
      <datafield tag="700" ind1="1" ind2=" ">
         <subfield code="a">Holtmeier, Friedrich-Karl</subfield>
         <subfield code="e">author</subfield>
         <subfield code="u">Institute for Landscape Ecology, Westfäälische Wilhelms-Universitäät,
        D-48149 Müünster, Germany</subfield>
      </datafield>
      <datafield tag="700" ind1="1" ind2=" ">
         <subfield code="a">Butler, David R.</subfield>
         <subfield code="e">author</subfield>
         <subfield code="u">Department of Geography, Texas State University––San Marcos, San Marcos,
        Texas 78666-4616, U.S.A</subfield>
      </datafield>
      <datafield tag="700" ind1="1" ind2=" ">
         <subfield code="a">Weiss, Daniel J.</subfield>
         <subfield code="e">author</subfield>
         <subfield code="u">Yellowstone Ecological Research Center, 2048 Analysis Drive, Bozeman,
        Montana 59718, U.S.A</subfield>
      </datafield>
      <datafield tag="700" ind1="1" ind2=" ">
         <subfield code="a">Daniels, Lori D.</subfield>
         <subfield code="e">author</subfield>
         <subfield code="u">$$Department of Geography, University of British Columbia, Vancouver,
        British Columbia V6T 1Z2, Canada</subfield>
      </datafield>
      <datafield tag="700" ind1="1" ind2=" ">
         <subfield code="a">Fagre, Daniel B.</subfield>
         <subfield code="e">author</subfield>
         <subfield code="u">U.S. Geological Survey, Northern Rocky Mountain Science Center, Glacier
        National Park, West Glacier, Montana 59936, U.S.A</subfield>
      </datafield>
      <datafield tag="773" ind1="0" ind2=" ">
         <subfield code="t">Arctic, antarctic, and alpine research.</subfield>
         <subfield code="g">2011 May, v. 43, no. 2 p.167-177</subfield>
         <subfield code="d">The Institute of Arctic and Alpine Research</subfield>
         <subfield code="x">1938-4246</subfield>
         <subfield code="7">nnas</subfield>
      </datafield>
      <datafield tag="787" ind1="1" ind2=" ">
         <subfield code="o">islandora_article_repository</subfield>
      </datafield>
      <datafield tag="787" ind1="1" ind2=" ">
         <subfield code="o">(Journal)12076</subfield>
      </datafield>
      <datafield tag="856" ind1="4" ind2="0">
         <subfield code="u">http://dx.doi.org/10.1657%2F1938-4246-43.2.167</subfield>
         <subfield code="3">Available from publisher's site</subfield>
      </datafield>
      <datafield tag="912" ind1=" " ind2=" ">
         <subfield code="a">Article</subfield>
      </datafield>
      <datafield tag="914" ind1=" " ind2=" ">
         <subfield code="a">Journal:12076</subfield>
         <subfield code="b">1938-4246</subfield>
         <subfield code="c">43</subfield>
         <subfield code="d">2</subfield>
         <subfield code="e">167</subfield>
      </datafield>
      <datafield tag="914" ind1=" " ind2=" ">
         <subfield code="f">Arctic, antarctic, and alpine research</subfield>
      </datafield>
      <datafield tag="917" ind1=" " ind2=" ">
         <subfield code="a">hold</subfield>
      </datafield>
      <datafield tag="918" ind1="2" ind2=" ">
         <subfield code="a">BioOne</subfield>
         <subfield code="e">provider</subfield>
         <subfield code="5">DNAL</subfield>
      </datafield>
      <datafield tag="935" ind1=" " ind2=" ">
         <subfield code="a">IND601240995</subfield>
         <subfield code="9">ExL</subfield>
      </datafield>
      <datafield tag="953" ind1=" " ind2=" ">
         <subfield code="a">AAREv43i2-05121414-176086.zip</subfield>
      </datafield>
      <datafield tag="974" ind1=" " ind2=" ">
         <subfield code="a">agid:1240995</subfield>
      </datafield>
      <datafield tag="983" ind1=" " ind2=" ">
         <subfield code="a">2015-10-24</subfield>
      </datafield>
      <datafield tag="984" ind1=" " ind2=" ">
         <subfield code="a">2015-10-24</subfield>
      </datafield>
   </record>