
   <!--Record: 174-->
   <record>
      <leader>05192nab a2200913 u 4500</leader>
      <controlfield tag="001">9915868350107426</controlfield>
      <controlfield tag="005">20221119060123.0</controlfield>
      <controlfield tag="008">141124e201312 xx |||||o|||||||||||eng||</controlfield>
      <datafield tag="016" ind1="7" ind2=" ">
         <subfield code="a">IND601149005</subfield>
         <subfield code="2">DNAL</subfield>
      </datafield>
      <datafield tag="024" ind1="7" ind2=" ">
         <subfield code="a">24252216</subfield>
         <subfield code="2">pmid</subfield>
      </datafield>
      <datafield tag="024" ind1="7" ind2=" ">
         <subfield code="a">10.3732/ajb.1300069</subfield>
         <subfield code="2">doi</subfield>
      </datafield>
      <datafield tag="035" ind1=" " ind2=" ">
         <subfield code="a">agid:1149005-01nal_inst</subfield>
      </datafield>
      <datafield tag="040" ind1=" " ind2=" ">
         <subfield code="a">AGL</subfield>
         <subfield code="b">eng</subfield>
         <subfield code="c">AGL</subfield>
      </datafield>
      <datafield tag="100" ind1="1" ind2=" ">
         <subfield code="a">Riofrío, María L.</subfield>
         <subfield code="e">author</subfield>
         <subfield code="u">Departamento de Ciencias Naturales, Universidad Técnica Particular de Loja,
        San Cayetano alto s/n, Loja, Ecuador </subfield>
      </datafield>
      <datafield tag="245" ind1="1" ind2="0">
         <subfield code="a">Mycorrhizal preferences and fine spatial structure of the epiphytic orchid
        Epidendrum rhopalostele</subfield>
      </datafield>
      <datafield tag="300" ind1=" " ind2=" ">
         <subfield code="a">p. 2339-2348.</subfield>
      </datafield>
      <datafield tag="500" ind1=" " ind2=" ">
         <subfield code="a">2019-12-04</subfield>
      </datafield>
      <datafield tag="520" ind1=" " ind2=" ">
         <subfield code="a">• Premise of the study: The presence of compatible fungi is necessary for
        epiphytic orchid recruitment. Thus, identifying associated mycorrhizal fungi at the
        population level is essential for orchid conservation. Recruitment patterns may also be
        conditioned by factors such as seed dispersal range and specific environmental
        characteristics.• Methods: In a forest plot, all trees with a diameter at breast height
        &gt;1 cm and all individuals of the epiphytic orchid Epidendrum rhopalostele were identified
        and mapped. Additionally, one flowering individual of E. rhopalostele per each host tree was
        randomly selected for root sampling and DNA extraction.• Key results: A total of 239 E.
        rhopalostele individuals were located in 25 of the 714 potential host trees. Light
        microscopy of sampled roots showed mycorrhizal fungi in 22 of the 25 sampled orchids.
        Phylogenetic analysis of ITS1-5.8S-ITS2 sequences yielded two Tulasnella clades. In four
        cases, plants were found to be associated with both clades. The difference between
        univariate and bivariate K functions was consistent with the random labeling null model at
        all spatial scales, indicating that trees hosting clades A and B of Tulasnella are not
        spatially segregated. The analysis of the inhomogenous K function showed that host trees are
        not clustered, suggesting no limitations to population-scale dispersal. χ2 analysis of
        contingency tables showed that E. rhopalostele is more frequent on dead trees than
        expected.• Conclusions: Epidendrum rhopalostele establishes mycorrhizal associations with at
        least two different Tulasnella species. The analysis of the distribution patterns of this
        orchid suggests a microsite preference for dead trees and no seed dispersal
        limitation.</subfield>
      </datafield>
      <datafield tag="592" ind1=" " ind2=" ">
         <subfield code="a">Publisher supplied data</subfield>
      </datafield>
      <datafield tag="593" ind1=" " ind2=" ">
         <subfield code="a">PubAg article</subfield>
      </datafield>
      <datafield tag="650" ind1=" " ind2="3">
         <subfield code="a">flowering</subfield>
      </datafield>
      <datafield tag="650" ind1=" " ind2="3">
         <subfield code="a">mycorrhizal fungi</subfield>
      </datafield>
      <datafield tag="650" ind1=" " ind2="3">
         <subfield code="a">Tulasnella</subfield>
      </datafield>
      <datafield tag="650" ind1=" " ind2="3">
         <subfield code="a">DNA</subfield>
      </datafield>
      <datafield tag="650" ind1=" " ind2="3">
         <subfield code="a">dead wood</subfield>
      </datafield>
      <datafield tag="650" ind1=" " ind2="3">
         <subfield code="a">Epidendrum</subfield>
      </datafield>
      <datafield tag="650" ind1=" " ind2="3">
         <subfield code="a">models</subfield>
      </datafield>
      <datafield tag="650" ind1=" " ind2="3">
         <subfield code="a">epiphytes</subfield>
      </datafield>
      <datafield tag="650" ind1=" " ind2="3">
         <subfield code="a">light microscopy</subfield>
      </datafield>
      <datafield tag="650" ind1=" " ind2="3">
         <subfield code="a">phylogeny</subfield>
      </datafield>
      <datafield tag="650" ind1=" " ind2="3">
         <subfield code="a">tree and stand measurements</subfield>
      </datafield>
      <datafield tag="650" ind1=" " ind2="3">
         <subfield code="a">roots</subfield>
      </datafield>
      <datafield tag="650" ind1=" " ind2="3">
         <subfield code="a">seed dispersal</subfield>
      </datafield>
      <datafield tag="650" ind1=" " ind2="3">
         <subfield code="a">forests</subfield>
      </datafield>
      <datafield tag="650" ind1=" " ind2="2">
         <subfield code="a">Base Sequence</subfield>
      </datafield>
      <datafield tag="650" ind1=" " ind2="2">
         <subfield code="a">Basidiomycota</subfield>
         <subfield code="x">classification</subfield>
         <subfield code="x">genetics</subfield>
      </datafield>
      <datafield tag="650" ind1=" " ind2="2">
         <subfield code="a">DNA, Fungal</subfield>
      </datafield>
      <datafield tag="650" ind1=" " ind2="2">
         <subfield code="a">DNA, Ribosomal Spacer</subfield>
      </datafield>
      <datafield tag="650" ind1=" " ind2="2">
         <subfield code="a">Ecosystem</subfield>
      </datafield>
      <datafield tag="650" ind1=" " ind2="2">
         <subfield code="a">Mycorrhizae</subfield>
      </datafield>
      <datafield tag="650" ind1=" " ind2="2">
         <subfield code="a">Orchidaceae</subfield>
         <subfield code="x">growth &amp; development</subfield>
         <subfield code="x">microbiology</subfield>
      </datafield>
      <datafield tag="650" ind1=" " ind2="2">
         <subfield code="a">Phylogeny</subfield>
      </datafield>
      <datafield tag="650" ind1=" " ind2="2">
         <subfield code="a">Plant Dispersal</subfield>
      </datafield>
      <datafield tag="650" ind1=" " ind2="2">
         <subfield code="a">Plant Roots</subfield>
         <subfield code="x">microbiology</subfield>
      </datafield>
      <datafield tag="650" ind1=" " ind2="2">
         <subfield code="a">Sequence Analysis, DNA</subfield>
      </datafield>
      <datafield tag="650" ind1=" " ind2="2">
         <subfield code="a">Species Specificity</subfield>
      </datafield>
      <datafield tag="650" ind1=" " ind2="2">
         <subfield code="a">Symbiosis</subfield>
      </datafield>
      <datafield tag="650" ind1=" " ind2="2">
         <subfield code="a">Trees</subfield>
      </datafield>
      <datafield tag="653" ind1=" " ind2="0">
         <subfield code="a">recruitment</subfield>
      </datafield>
      <datafield tag="653" ind1=" " ind2="0">
         <subfield code="a">dead trees</subfield>
      </datafield>
      <datafield tag="653" ind1=" " ind2="0">
         <subfield code="a">Orchidaceae</subfield>
      </datafield>
      <datafield tag="653" ind1=" " ind2="0">
         <subfield code="a">preference</subfield>
      </datafield>
      <datafield tag="653" ind1=" " ind2="0">
         <subfield code="a">orchid mycorrhiza</subfield>
      </datafield>
      <datafield tag="653" ind1=" " ind2="0">
         <subfield code="a">small-scale spatial distribution</subfield>
      </datafield>
      <datafield tag="700" ind1="1" ind2=" ">
         <subfield code="a">Cruz, Dario</subfield>
         <subfield code="e">author</subfield>
         <subfield code="u">Departamento de Ciencias Naturales, Universidad Técnica Particular de Loja,
        San Cayetano alto s/n, Loja, Ecuador </subfield>
      </datafield>
      <datafield tag="700" ind1="1" ind2=" ">
         <subfield code="a">Torres, Elena</subfield>
         <subfield code="e">author</subfield>
         <subfield code="u">Departamento de Biología Vegetal, Universidad Politécnica de Madrid,
        Madrid, Spain </subfield>
      </datafield>
      <datafield tag="700" ind1="1" ind2=" ">
         <subfield code="a">de la Cruz, Marcelino</subfield>
         <subfield code="e">author</subfield>
         <subfield code="u">Departamento de Biología Vegetal, Universidad Politécnica de Madrid,
        Madrid, Spain </subfield>
      </datafield>
      <datafield tag="700" ind1="1" ind2=" ">
         <subfield code="a">Iriondo, José M.</subfield>
         <subfield code="e">author</subfield>
         <subfield code="u">Area de Biodiversidad y Conservación, Universidad Rey Juan Carlos,
        Móstoles, Spain </subfield>
      </datafield>
      <datafield tag="700" ind1="1" ind2=" ">
         <subfield code="a">Suárez, Juan Pablo</subfield>
         <subfield code="e">author</subfield>
         <subfield code="u">Departamento de Ciencias Naturales, Universidad Técnica Particular de Loja,
        San Cayetano alto s/n, Loja, Ecuador </subfield>
      </datafield>
      <datafield tag="773" ind1="0" ind2=" ">
         <subfield code="t">American journal of botany.</subfield>
         <subfield code="g">2013 Dec., v. 100, no. 12 p.2339-2348</subfield>
         <subfield code="d">Botanical Society of America</subfield>
         <subfield code="x">0002-9122</subfield>
         <subfield code="7">nnas</subfield>
      </datafield>
      <datafield tag="787" ind1="1" ind2=" ">
         <subfield code="o">islandora_article_repository</subfield>
      </datafield>
      <datafield tag="787" ind1="1" ind2=" ">
         <subfield code="o">product_pubag</subfield>
      </datafield>
      <datafield tag="787" ind1="1" ind2=" ">
         <subfield code="o">(Journal)jnl44651</subfield>
      </datafield>
      <datafield tag="856" ind1="4" ind2="0">
         <subfield code="u">http://dx.doi.org/10.3732/ajb.1300069</subfield>
         <subfield code="3">Available from publisher's site</subfield>
      </datafield>
      <datafield tag="912" ind1=" " ind2=" ">
         <subfield code="a">Article</subfield>
      </datafield>
      <datafield tag="914" ind1=" " ind2=" ">
         <subfield code="a">Journal:jnl44651</subfield>
         <subfield code="b">0002-9122</subfield>
         <subfield code="c">100</subfield>
         <subfield code="d">12</subfield>
         <subfield code="e">2339</subfield>
      </datafield>
      <datafield tag="914" ind1=" " ind2=" ">
         <subfield code="f">American journal of botany</subfield>
      </datafield>
      <datafield tag="916" ind1=" " ind2=" ">
         <subfield code="a">Batch:738</subfield>
      </datafield>
      <datafield tag="917" ind1=" " ind2=" ">
         <subfield code="a">issued</subfield>
      </datafield>
      <datafield tag="918" ind1="2" ind2=" ">
         <subfield code="a">HighWire Press</subfield>
         <subfield code="e">provider</subfield>
         <subfield code="5">DNAL</subfield>
      </datafield>
      <datafield tag="935" ind1=" " ind2=" ">
         <subfield code="a">IND601149005</subfield>
         <subfield code="9">ExL</subfield>
      </datafield>
      <datafield tag="949" ind1=" " ind2=" ">
         <subfield code="a">2014-12-29</subfield>
      </datafield>
      <datafield tag="953" ind1=" " ind2=" ">
         <subfield code="a">amjbot_100_12_nlmxml.tar.gz</subfield>
      </datafield>
      <datafield tag="962" ind1=" " ind2=" ">
         <subfield code="a">Batch:738 annotated on 2014-12-08T12:07:50Z</subfield>
      </datafield>
      <datafield tag="962" ind1=" " ind2=" ">
         <subfield code="a">Batch:738 reviewed on 2014-12-29T11:00:02Z</subfield>
      </datafield>
      <datafield tag="962" ind1=" " ind2=" ">
         <subfield code="a">Batch:738 reviewed on 2014-12-29T16:00:02Z</subfield>
      </datafield>
      <datafield tag="974" ind1=" " ind2=" ">
         <subfield code="a">agid:1149005</subfield>
      </datafield>
      <datafield tag="983" ind1=" " ind2=" ">
         <subfield code="a">2014-11-24</subfield>
      </datafield>
      <datafield tag="984" ind1=" " ind2=" ">
         <subfield code="a">2014-11-24</subfield>
      </datafield>
   </record>