
   <!--Record: 176-->
   <record>
      <leader>05428nab a2200769 u 4500</leader>
      <controlfield tag="001">9915868839907426</controlfield>
      <controlfield tag="005">20221119062053.0</controlfield>
      <controlfield tag="008">180711e201808 xx |||||o|||||||||||eng||</controlfield>
      <datafield tag="016" ind1="7" ind2=" ">
         <subfield code="a">IND606028803</subfield>
         <subfield code="2">DNAL</subfield>
      </datafield>
      <datafield tag="024" ind1="7" ind2=" ">
         <subfield code="a">10.1007/s00442-018-4198-z</subfield>
         <subfield code="2">doi</subfield>
      </datafield>
      <datafield tag="035" ind1=" " ind2=" ">
         <subfield code="a">agid:6028803-01nal_inst</subfield>
      </datafield>
      <datafield tag="040" ind1=" " ind2=" ">
         <subfield code="a">AGL</subfield>
         <subfield code="b">eng</subfield>
         <subfield code="c">AGL</subfield>
      </datafield>
      <datafield tag="100" ind1="1" ind2=" ">
         <subfield code="a">Helliker, Brent R.</subfield>
         <subfield code="e">author</subfield>
         <subfield code="u">Department of Biology, University of Pennsylvania, Philadelphia, PA, USA.
        Helliker@sas.upenn.edu</subfield>
         <subfield code="1">https://orcid.org/0000-0001-7621-2358</subfield>
      </datafield>
      <datafield tag="245" ind1="1" ind2="0">
         <subfield code="a">Assessing the interplay between canopy energy balance and photosynthesis
        with cellulose δ18O: large-scale patterns and independent ground-truthing</subfield>
      </datafield>
      <datafield tag="300" ind1=" " ind2=" ">
         <subfield code="a">p. 995-1007.</subfield>
      </datafield>
      <datafield tag="520" ind1=" " ind2=" ">
         <subfield code="a">There are few whole-canopy or ecosystem scale assessments of the interplay
        between canopy temperature and photosynthesis across both spatial and temporal scales. The
        stable oxygen isotope ratio (δ¹⁸O) of plant cellulose can be used to resolve a
        photosynthesis-weighted estimate of canopy temperature, but the method requires independent
        confirmation. We compare isotope-resolved canopy temperatures derived from multi-year
        homogenization of tree cellulose δ¹⁸O to canopy-air temperatures weighted by gross primary
        productivity (GPP) at multiple sites, ranging from warm temperate to boreal and subalpine
        forests. We also perform a sensitivity analysis for isotope-resolved canopy temperatures
        that showed errors in plant source water δ¹⁸O lead to the largest errors in canopy
        temperature estimation. The relationship between isotope-resolved canopy temperatures and
        GPP-weighted air temperatures was highly significant across sites (p &lt; 0.0001,
        R² = 0.82), thus offering confirmation of the isotope approach. The previously observed
        temperature invariance from temperate to boreal biomes was confirmed, but the greater
        elevation of canopy temperature above air temperature in the boreal forest was not. Based on
        the current analysis, we conclude that canopy temperatures in the boreal forest are as warm
        as those in temperate systems because day-time-growing-season air temperatures are similarly
        warm.</subfield>
      </datafield>
      <datafield tag="592" ind1=" " ind2=" ">
         <subfield code="a">Publisher supplied data</subfield>
      </datafield>
      <datafield tag="593" ind1=" " ind2=" ">
         <subfield code="a">PubAg article</subfield>
      </datafield>
      <datafield tag="596" ind1=" " ind2=" ">
         <subfield code="a">0950998</subfield>
         <subfield code="c">Directorate for Biological Sciences</subfield>
      </datafield>
      <datafield tag="650" ind1=" " ind2="3">
         <subfield code="a">air temperature</subfield>
      </datafield>
      <datafield tag="650" ind1=" " ind2="3">
         <subfield code="a">boreal forests</subfield>
      </datafield>
      <datafield tag="650" ind1=" " ind2="3">
         <subfield code="a">canopy</subfield>
      </datafield>
      <datafield tag="650" ind1=" " ind2="3">
         <subfield code="a">cellulose</subfield>
      </datafield>
      <datafield tag="650" ind1=" " ind2="3">
         <subfield code="a">ecosystems</subfield>
      </datafield>
      <datafield tag="650" ind1=" " ind2="3">
         <subfield code="a">energy balance</subfield>
      </datafield>
      <datafield tag="650" ind1=" " ind2="3">
         <subfield code="a">homogenization</subfield>
      </datafield>
      <datafield tag="650" ind1=" " ind2="3">
         <subfield code="a">oxygen</subfield>
      </datafield>
      <datafield tag="650" ind1=" " ind2="3">
         <subfield code="a">photosynthesis</subfield>
      </datafield>
      <datafield tag="650" ind1=" " ind2="3">
         <subfield code="a">primary productivity</subfield>
      </datafield>
      <datafield tag="650" ind1=" " ind2="3">
         <subfield code="a">stable isotopes</subfield>
      </datafield>
      <datafield tag="650" ind1=" " ind2="3">
         <subfield code="a">subalpine forests</subfield>
      </datafield>
      <datafield tag="650" ind1=" " ind2="3">
         <subfield code="a">trees</subfield>
      </datafield>
      <datafield tag="700" ind1="1" ind2=" ">
         <subfield code="a">Song, Xin</subfield>
         <subfield code="e">author</subfield>
         <subfield code="u">Department of Biology, University of Pennsylvania, Philadelphia, PA,
        USA</subfield>
      </datafield>
      <datafield tag="700" ind1="1" ind2=" ">
         <subfield code="a">Goulden, Michael L.</subfield>
         <subfield code="e">author</subfield>
         <subfield code="u">Department of Earth System Science, University of California, Irvine, CA,
        USA</subfield>
      </datafield>
      <datafield tag="700" ind1="1" ind2=" ">
         <subfield code="a">Clark, Kenneth</subfield>
         <subfield code="e">author</subfield>
         <subfield code="u">USDA Forest Service, Northern Research Station, New Lisbon, NJ,
        USA</subfield>
      </datafield>
      <datafield tag="700" ind1="1" ind2=" ">
         <subfield code="a">Bolstad, Paul</subfield>
         <subfield code="e">author</subfield>
         <subfield code="u">Department of Forest Resources, University of Minnesota, Saint Paul, MN,
        USA</subfield>
      </datafield>
      <datafield tag="700" ind1="1" ind2=" ">
         <subfield code="a">Munger, J. William</subfield>
         <subfield code="e">author</subfield>
         <subfield code="u">Department of Earth and Planetary Sciences, School of Engineering and
        Applied Sciences, Harvard University, Cambridge, MA, USA</subfield>
      </datafield>
      <datafield tag="700" ind1="1" ind2=" ">
         <subfield code="a">Chen, Jiquan</subfield>
         <subfield code="e">author</subfield>
         <subfield code="u">Department of Geography, Center for Global Change and Earth Observations
        (CGCEO), Michigan State University, East Lansing, MI, USA</subfield>
      </datafield>
      <datafield tag="700" ind1="1" ind2=" ">
         <subfield code="a">Noormets, Asko</subfield>
         <subfield code="e">author</subfield>
         <subfield code="u">Department of Ecosystem Science and Management, Texas A &amp; M University,
        College Station, TX, USA</subfield>
      </datafield>
      <datafield tag="700" ind1="1" ind2=" ">
         <subfield code="a">Hollinger, David</subfield>
         <subfield code="e">author</subfield>
         <subfield code="u">USDA Forest Service, Northern Research Station, Durham, NH, USA</subfield>
      </datafield>
      <datafield tag="700" ind1="1" ind2=" ">
         <subfield code="a">Wofsy, Steve</subfield>
         <subfield code="e">author</subfield>
         <subfield code="u">Department of Earth and Planetary Sciences, School of Engineering and
        Applied Sciences, Harvard University, Cambridge, MA, USA</subfield>
      </datafield>
      <datafield tag="700" ind1="1" ind2=" ">
         <subfield code="a">Martin, Timothy</subfield>
         <subfield code="e">author</subfield>
         <subfield code="u">School of Forest Resources and Conservation, University of Florida,
        Gainesville, FL, USA</subfield>
      </datafield>
      <datafield tag="700" ind1="1" ind2=" ">
         <subfield code="a">Baldocchi, Dennis</subfield>
         <subfield code="e">author</subfield>
         <subfield code="u">ESPM, University of California, Berkeley, Berkeley, CA, USA</subfield>
      </datafield>
      <datafield tag="700" ind1="1" ind2=" ">
         <subfield code="a">Euskirchenn, Eugenie</subfield>
         <subfield code="e">author</subfield>
         <subfield code="u">Institute of Arctic Biology, University of Alaska-Fairbanks, Fairbanks, AK,
        USA</subfield>
      </datafield>
      <datafield tag="700" ind1="1" ind2=" ">
         <subfield code="a">Desai, Ankur</subfield>
         <subfield code="e">author</subfield>
         <subfield code="u">Department of Atmospheric and Oceanic Sciences, University of
        Wisconsin-Madison, Madison, WI, USA</subfield>
      </datafield>
      <datafield tag="700" ind1="1" ind2=" ">
         <subfield code="a">Burns, Sean P.</subfield>
         <subfield code="e">author</subfield>
         <subfield code="u">Department of Geography, University of Colorado, Boulder, CO,
        USA</subfield>
      </datafield>
      <datafield tag="773" ind1="0" ind2=" ">
         <subfield code="t">Oecologia.</subfield>
         <subfield code="g">2018 Aug., v. 187, no. 4 p.995-1007</subfield>
         <subfield code="d">Springer Berlin Heidelberg</subfield>
         <subfield code="w">Journal:jnl44754</subfield>
         <subfield code="x">0029-8549</subfield>
         <subfield code="7">nnas</subfield>
      </datafield>
      <datafield tag="787" ind1="1" ind2=" ">
         <subfield code="o">islandora_article_repository</subfield>
      </datafield>
      <datafield tag="787" ind1="1" ind2=" ">
         <subfield code="o">product_pubag</subfield>
      </datafield>
      <datafield tag="787" ind1="1" ind2=" ">
         <subfield code="o">(Journal)jnl44754</subfield>
      </datafield>
      <datafield tag="856" ind1="4" ind2="0">
         <subfield code="u">http://dx.doi.org/10.1007/s00442-018-4198-z</subfield>
         <subfield code="3">Available from publisher's site</subfield>
      </datafield>
      <datafield tag="912" ind1=" " ind2=" ">
         <subfield code="a">Article</subfield>
      </datafield>
      <datafield tag="914" ind1=" " ind2=" ">
         <subfield code="a">Journal:jnl44754</subfield>
         <subfield code="b">0029-8549</subfield>
         <subfield code="c">187</subfield>
         <subfield code="d">4</subfield>
         <subfield code="e">995</subfield>
      </datafield>
      <datafield tag="914" ind1=" " ind2=" ">
         <subfield code="f">Oecologia</subfield>
      </datafield>
      <datafield tag="916" ind1=" " ind2=" ">
         <subfield code="a">Batch:2087</subfield>
      </datafield>
      <datafield tag="917" ind1=" " ind2=" ">
         <subfield code="a">issued</subfield>
      </datafield>
      <datafield tag="918" ind1="2" ind2=" ">
         <subfield code="a">Springer</subfield>
         <subfield code="e">provider</subfield>
         <subfield code="5">DNAL</subfield>
      </datafield>
      <datafield tag="935" ind1=" " ind2=" ">
         <subfield code="a">IND606028803</subfield>
         <subfield code="9">ExL</subfield>
      </datafield>
      <datafield tag="949" ind1=" " ind2=" ">
         <subfield code="a">2018-10-26</subfield>
      </datafield>
      <datafield tag="953" ind1=" " ind2=" ">
         <subfield code="a">/data/metadata/incoming/springer/ftp_PUB_18-07-11_05-51-28.zip</subfield>
      </datafield>
      <datafield tag="954" ind1=" " ind2=" ">
         <subfield code="a">file:/data/metadata/staging/springer/00442-187-4.xml</subfield>
      </datafield>
      <datafield tag="955" ind1=" " ind2=" ">
         <subfield code="a">/data/metadata/staging/springer/</subfield>
      </datafield>
      <datafield tag="961" ind1=" " ind2=" ">
         <subfield code="a">USDA/FS</subfield>
      </datafield>
      <datafield tag="962" ind1=" " ind2=" ">
         <subfield code="a">Batch:2087 reviewed on 2018-10-26T15:00:03Z</subfield>
      </datafield>
      <datafield tag="974" ind1=" " ind2=" ">
         <subfield code="a">agid:6028803</subfield>
      </datafield>
      <datafield tag="983" ind1=" " ind2=" ">
         <subfield code="a">2018-07-11</subfield>
      </datafield>
      <datafield tag="984" ind1=" " ind2=" ">
         <subfield code="a">2018-10-26</subfield>
      </datafield>
   </record>