
   <!--Record: 177-->
   <record>
      <leader>04225nab a2200637 u 4500</leader>
      <controlfield tag="001">9915868870007426</controlfield>
      <controlfield tag="005">20221119061949.0</controlfield>
      <controlfield tag="008">180711e201808 xx |||||o|||||||||||eng||</controlfield>
      <datafield tag="016" ind1="7" ind2=" ">
         <subfield code="a">IND606028880</subfield>
         <subfield code="2">DNAL</subfield>
      </datafield>
      <datafield tag="024" ind1="7" ind2=" ">
         <subfield code="a">10.1007/s11252-018-0757-7</subfield>
         <subfield code="2">doi</subfield>
      </datafield>
      <datafield tag="035" ind1=" " ind2=" ">
         <subfield code="a">agid:6028880-01nal_inst</subfield>
      </datafield>
      <datafield tag="040" ind1=" " ind2=" ">
         <subfield code="a">AGL</subfield>
         <subfield code="b">eng</subfield>
         <subfield code="c">AGL</subfield>
      </datafield>
      <datafield tag="100" ind1="1" ind2=" ">
         <subfield code="a">Canedoli, Claudia</subfield>
         <subfield code="e">author</subfield>
         <subfield code="u">Dipartimento di Scienze dell’Ambiente e del Territorio, Università degli
        Studi di Milano-Bicocca, Piazza della Scienza 1, 20126, Milan, Italy.
        claudia.canedoli@unimib.it</subfield>
         <subfield code="1">https://orcid.org/0000-0003-3041-3968</subfield>
      </datafield>
      <datafield tag="245" ind1="1" ind2="0">
         <subfield code="a">Birds biodiversity in urban and periurban forests: environmental
        determinants at local and landscape scales</subfield>
      </datafield>
      <datafield tag="300" ind1=" " ind2=" ">
         <subfield code="a">p. 779-793.</subfield>
      </datafield>
      <datafield tag="520" ind1=" " ind2=" ">
         <subfield code="a">A significant decline in biodiversity is associated with the current and
        upcoming degree of urbanization. A challenging strategy to address this conflict is to make
        urban growth compatible with biodiversity protection and in this context urban parks can
        play a crucial role. Urban systems are highly dynamic and complex human-shaped ecosystems,
        where the relationship between species and environment may be altered and make the
        preservation of biodiversity within them a challenging goal. In this study, we analysed how
        different environmental features affect bird biodiversity in one of the most urbanized areas
        of Italy (the metropolitan area of Milan) at different spatial scales. Bird surveys were
        conducted in fifteen urban and peri-urban parks and environmental variables at landscape and
        local scale recorded. Results showed that a mixture of land covers and the presence of water
        bodies inside urban parks favoured species occurrence and abundance at landscape scale, but
        a surrounding dense urban matrix deflated biodiversity. At local scale, woodland cover and
        presence of water bodies were key determinants in ensuring overall high biodiversity but
        local-specific vegetation management produced an unusual pattern for forests species. In
        particular, the maintenance of large trees may not result in biodiversity support for forest
        bird species if large trees are not located in woodland areas with a significant tree
        density. To understand biodiversity patterns and provide useful information for urban
        planning and design, we need to provide insights into species/environment relationships at
        multiple scales in the urban environment.</subfield>
      </datafield>
      <datafield tag="592" ind1=" " ind2=" ">
         <subfield code="a">Publisher supplied data</subfield>
      </datafield>
      <datafield tag="593" ind1=" " ind2=" ">
         <subfield code="a">PubAg article</subfield>
      </datafield>
      <datafield tag="596" ind1=" " ind2=" ">
         <subfield code="a">2012K3A2HJ</subfield>
         <subfield code="c">Ministry of Education, Universities and Research of Italy MIUR</subfield>
      </datafield>
      <datafield tag="650" ind1=" " ind2="3">
         <subfield code="a">biodiversity</subfield>
      </datafield>
      <datafield tag="650" ind1=" " ind2="3">
         <subfield code="a">birds</subfield>
      </datafield>
      <datafield tag="650" ind1=" " ind2="3">
         <subfield code="a">ecosystems</subfield>
      </datafield>
      <datafield tag="650" ind1=" " ind2="3">
         <subfield code="a">environmental factors</subfield>
      </datafield>
      <datafield tag="650" ind1=" " ind2="3">
         <subfield code="a">forests</subfield>
      </datafield>
      <datafield tag="650" ind1=" " ind2="3">
         <subfield code="a">landscapes</subfield>
      </datafield>
      <datafield tag="650" ind1=" " ind2="3">
         <subfield code="a">metropolitan areas</subfield>
      </datafield>
      <datafield tag="650" ind1=" " ind2="3">
         <subfield code="a">surface water</subfield>
      </datafield>
      <datafield tag="650" ind1=" " ind2="3">
         <subfield code="a">surveys</subfield>
      </datafield>
      <datafield tag="650" ind1=" " ind2="3">
         <subfield code="a">trees</subfield>
      </datafield>
      <datafield tag="650" ind1=" " ind2="3">
         <subfield code="a">urban parks</subfield>
      </datafield>
      <datafield tag="650" ind1=" " ind2="3">
         <subfield code="a">urban planning</subfield>
      </datafield>
      <datafield tag="650" ind1=" " ind2="3">
         <subfield code="a">urbanization</subfield>
      </datafield>
      <datafield tag="650" ind1=" " ind2="3">
         <subfield code="a">woodlands</subfield>
      </datafield>
      <datafield tag="651" ind1=" " ind2="3">
         <subfield code="a">Italy</subfield>
      </datafield>
      <datafield tag="700" ind1="1" ind2=" ">
         <subfield code="a">Manenti, Raoul</subfield>
         <subfield code="e">author</subfield>
         <subfield code="u">Dipartimento di Scienze e Politiche Ambientali, Università degli Studi di
        Milano, Via Celoria 26, 20133, Milan, Italy</subfield>
      </datafield>
      <datafield tag="700" ind1="1" ind2=" ">
         <subfield code="a">Padoa-Schioppa, Emilio</subfield>
         <subfield code="e">author</subfield>
         <subfield code="u">Dipartimento di Scienze dell’Ambiente e del Territorio, Università degli
        Studi di Milano-Bicocca, Piazza della Scienza 1, 20126, Milan, Italy</subfield>
      </datafield>
      <datafield tag="773" ind1="0" ind2=" ">
         <subfield code="t">Urban ecosystems.</subfield>
         <subfield code="g">2018 Aug., v. 21, no. 4 p.779-793</subfield>
         <subfield code="d">Springer US</subfield>
         <subfield code="w">Journal:jnl3870259</subfield>
         <subfield code="x">1083-8155</subfield>
         <subfield code="7">nnas</subfield>
      </datafield>
      <datafield tag="787" ind1="1" ind2=" ">
         <subfield code="o">islandora_article_repository</subfield>
      </datafield>
      <datafield tag="787" ind1="1" ind2=" ">
         <subfield code="o">product_pubag</subfield>
      </datafield>
      <datafield tag="787" ind1="1" ind2=" ">
         <subfield code="o">(Journal)jnl3870259</subfield>
      </datafield>
      <datafield tag="856" ind1="4" ind2="0">
         <subfield code="u">http://dx.doi.org/10.1007/s11252-018-0757-7</subfield>
         <subfield code="3">Available from publisher's site</subfield>
      </datafield>
      <datafield tag="912" ind1=" " ind2=" ">
         <subfield code="a">Article</subfield>
      </datafield>
      <datafield tag="914" ind1=" " ind2=" ">
         <subfield code="a">Journal:jnl3870259</subfield>
         <subfield code="b">1083-8155</subfield>
         <subfield code="c">21</subfield>
         <subfield code="d">4</subfield>
         <subfield code="e">779</subfield>
      </datafield>
      <datafield tag="914" ind1=" " ind2=" ">
         <subfield code="f">Urban ecosystems</subfield>
      </datafield>
      <datafield tag="916" ind1=" " ind2=" ">
         <subfield code="a">Batch:2099</subfield>
      </datafield>
      <datafield tag="917" ind1=" " ind2=" ">
         <subfield code="a">issued</subfield>
      </datafield>
      <datafield tag="918" ind1="2" ind2=" ">
         <subfield code="a">Springer</subfield>
         <subfield code="e">provider</subfield>
         <subfield code="5">DNAL</subfield>
      </datafield>
      <datafield tag="935" ind1=" " ind2=" ">
         <subfield code="a">IND606028880</subfield>
         <subfield code="9">ExL</subfield>
      </datafield>
      <datafield tag="949" ind1=" " ind2=" ">
         <subfield code="a">2018-11-29</subfield>
      </datafield>
      <datafield tag="953" ind1=" " ind2=" ">
         <subfield code="a">/data/metadata/incoming/springer/ftp_PUB_18-07-10_08-52-57.zip</subfield>
      </datafield>
      <datafield tag="954" ind1=" " ind2=" ">
         <subfield code="a">file:/data/metadata/staging/springer/11252-21-4.xml</subfield>
      </datafield>
      <datafield tag="955" ind1=" " ind2=" ">
         <subfield code="a">/data/metadata/staging/springer/</subfield>
      </datafield>
      <datafield tag="962" ind1=" " ind2=" ">
         <subfield code="a">Batch:2099 reviewed on 2018-11-29T16:00:02Z</subfield>
      </datafield>
      <datafield tag="974" ind1=" " ind2=" ">
         <subfield code="a">agid:6028880</subfield>
      </datafield>
      <datafield tag="983" ind1=" " ind2=" ">
         <subfield code="a">2018-07-11</subfield>
      </datafield>
      <datafield tag="984" ind1=" " ind2=" ">
         <subfield code="a">2018-11-29</subfield>
      </datafield>
   </record>