
   <!--Record: 179-->
   <record>
      <leader>05494nab a2200721 u 4500</leader>
      <controlfield tag="001">9915868939207426</controlfield>
      <controlfield tag="005">20221119062206.0</controlfield>
      <controlfield tag="008">141111e20120515xx |||||o|||||||||||eng||</controlfield>
      <datafield tag="016" ind1="7" ind2=" ">
         <subfield code="a">IND44728618</subfield>
         <subfield code="2">DNAL</subfield>
      </datafield>
      <datafield tag="024" ind1="7" ind2=" ">
         <subfield code="a">10.1016/j.foreco.2011.09.021</subfield>
         <subfield code="2">doi</subfield>
      </datafield>
      <datafield tag="035" ind1=" " ind2=" ">
         <subfield code="a">agid:449340-01nal_inst</subfield>
      </datafield>
      <datafield tag="040" ind1=" " ind2=" ">
         <subfield code="a">AGL</subfield>
         <subfield code="b">eng</subfield>
         <subfield code="c">AGL</subfield>
      </datafield>
      <datafield tag="100" ind1="1" ind2=" ">
         <subfield code="a">Ohmann, Janet L.</subfield>
         <subfield code="e">author</subfield>
         <subfield code="u">Pacific Northwest Research Station, USDA Forest Service, 3200 SW Jefferson
        Way, Corvallis, OR 97331, United States</subfield>
      </datafield>
      <datafield tag="245" ind1="1" ind2="0">
         <subfield code="a">Mapping change of older forest with nearest-neighbor imputation and Landsat
        time-series</subfield>
      </datafield>
      <datafield tag="300" ind1=" " ind2=" ">
         <subfield code="a">p. 13-25.</subfield>
      </datafield>
      <datafield tag="500" ind1=" " ind2=" ">
         <subfield code="a">2019-12-06</subfield>
      </datafield>
      <datafield tag="520" ind1=" " ind2=" ">
         <subfield code="a">The Northwest Forest Plan (NWFP), which aims to conserve late-successional
        and old-growth forests (older forests) and associated species, established new policies on
        federal lands in the Pacific Northwest USA. As part of monitoring for the NWFP, we tested
        nearest-neighbor imputation for mapping change in older forest, defined by threshold values
        for forest attributes that vary with forest succession. We mapped forest conditions on
        &gt;19millionha of forest for the beginning (Time 1) and end (Time 2) of a 13-year period
        using gradient nearest neighbor (GNN) imputation. Reference data were basal area by species
        and size class from 17,000 forest inventory plots measured from 1993 to 2008. Spatial
        predictors were from Landsat time-series and GIS data on climate, topography, parent
        material, and location. The Landsat data were temporally normalized at the pixel level using
        LandTrendr algorithms, which minimized year-to-year spectral variability and provided
        seamless multi-scene mosaics. We mapped older forest change by spatially differencing the
        Time 1 and Time 2 GNN maps for average tree size (MNDBH) and for old-growth structure index
        (OGSI), a composite index of stand age, large live trees and snags, down wood, and diversity
        of tree sizes. Forests with higher values of MNDBH and OGSI occurred disproportionately on
        federal lands. Estimates of older forest area and change varied with definition. About 10%
        of forest at Time 2 had OGSI&gt;50, with a net loss of about 4% over the period. Considered
        spatially, gross gain and gross loss of older forest were much greater than net change. As
        definition threshold value increased, absolute area of mapped change decreased, but
        increased as a percentage of older forest at Time 1. Pixel-level change was noisy, but
        change summarized to larger spatial units compared reasonably to known changes. Geographic
        patterns of older forest loss coincided with areas mapped as disturbed by LandTrendr,
        including large wildfires on federal lands and timber harvests on nonfederal lands. The GNN
        distribution of older forest attributes closely represented the range of variation observed
        from a systematic plot sample. Validation using expert image interpretation of an
        independent plot sample in TimeSync corroborated forest changes from GNN. An advantage of
        imputed maps is their flexibility for post-classification, summary, and rescaling to address
        a range of objectives. Our methods for characterizing forest conditions and dynamics over
        large regions, and for describing the reliability of the information, should help inform the
        debate over conservation and management of older forest.</subfield>
      </datafield>
      <datafield tag="592" ind1=" " ind2=" ">
         <subfield code="a">Publisher supplied data</subfield>
      </datafield>
      <datafield tag="593" ind1=" " ind2=" ">
         <subfield code="a">PubAg article</subfield>
      </datafield>
      <datafield tag="650" ind1=" " ind2="3">
         <subfield code="a">logging</subfield>
      </datafield>
      <datafield tag="650" ind1=" " ind2="3">
         <subfield code="a">topography</subfield>
      </datafield>
      <datafield tag="650" ind1=" " ind2="3">
         <subfield code="a">public lands</subfield>
      </datafield>
      <datafield tag="650" ind1=" " ind2="3">
         <subfield code="a">image analysis</subfield>
      </datafield>
      <datafield tag="650" ind1=" " ind2="3">
         <subfield code="a">forest succession</subfield>
      </datafield>
      <datafield tag="650" ind1=" " ind2="3">
         <subfield code="a">old-growth forests</subfield>
      </datafield>
      <datafield tag="650" ind1=" " ind2="3">
         <subfield code="a">land policy</subfield>
      </datafield>
      <datafield tag="650" ind1=" " ind2="3">
         <subfield code="a">parents</subfield>
      </datafield>
      <datafield tag="650" ind1=" " ind2="3">
         <subfield code="a">snags</subfield>
      </datafield>
      <datafield tag="650" ind1=" " ind2="3">
         <subfield code="a">geographic information systems</subfield>
      </datafield>
      <datafield tag="650" ind1=" " ind2="3">
         <subfield code="a">wildfires</subfield>
      </datafield>
      <datafield tag="650" ind1=" " ind2="3">
         <subfield code="a">trees</subfield>
      </datafield>
      <datafield tag="650" ind1=" " ind2="3">
         <subfield code="a">forest management</subfield>
      </datafield>
      <datafield tag="650" ind1=" " ind2="3">
         <subfield code="a">forest inventory</subfield>
      </datafield>
      <datafield tag="650" ind1=" " ind2="3">
         <subfield code="a">Landsat</subfield>
      </datafield>
      <datafield tag="650" ind1=" " ind2="3">
         <subfield code="a">stand basal area</subfield>
      </datafield>
      <datafield tag="650" ind1=" " ind2="3">
         <subfield code="a">algorithms</subfield>
      </datafield>
      <datafield tag="650" ind1=" " ind2="3">
         <subfield code="a">climate</subfield>
      </datafield>
      <datafield tag="651" ind1=" " ind2="3">
         <subfield code="a">Pacific States</subfield>
      </datafield>
      <datafield tag="653" ind1=" " ind2="0">
         <subfield code="a">basal area</subfield>
      </datafield>
      <datafield tag="700" ind1="1" ind2=" ">
         <subfield code="a">Gregory, Matthew J.</subfield>
         <subfield code="e">author</subfield>
         <subfield code="u">Department of Forest Ecosystems and Society, Oregon State University,
        Corvallis, OR 97331, United States</subfield>
      </datafield>
      <datafield tag="700" ind1="1" ind2=" ">
         <subfield code="a">Roberts, Heather M.</subfield>
         <subfield code="e">author</subfield>
         <subfield code="u">Department of Forest Ecosystems and Society, Oregon State University,
        Corvallis, OR 97331, United States</subfield>
      </datafield>
      <datafield tag="700" ind1="1" ind2=" ">
         <subfield code="a">Cohen, Warren B.</subfield>
         <subfield code="e">author</subfield>
         <subfield code="u">Pacific Northwest Research Station, USDA Forest Service, 3200 SW Jefferson
        Way, Corvallis, OR 97331, United States</subfield>
      </datafield>
      <datafield tag="700" ind1="1" ind2=" ">
         <subfield code="a">Kennedy, Robert E.</subfield>
         <subfield code="e">author</subfield>
         <subfield code="u">Department of Forest Ecosystems and Society, Oregon State University,
        Corvallis, OR 97331, United States</subfield>
      </datafield>
      <datafield tag="700" ind1="1" ind2=" ">
         <subfield code="a">Yang, Zhiqiang</subfield>
         <subfield code="e">author</subfield>
         <subfield code="u">Department of Forest Ecosystems and Society, Oregon State University,
        Corvallis, OR 97331, United States</subfield>
      </datafield>
      <datafield tag="773" ind1="0" ind2=" ">
         <subfield code="t">Forest ecology and management.</subfield>
         <subfield code="g">2012 May 15, v. 272 p.13-25</subfield>
         <subfield code="d">Elsevier B.V.</subfield>
         <subfield code="x">0378-1127</subfield>
         <subfield code="7">nnas</subfield>
      </datafield>
      <datafield tag="787" ind1="1" ind2=" ">
         <subfield code="o">islandora_article_repository</subfield>
      </datafield>
      <datafield tag="787" ind1="1" ind2=" ">
         <subfield code="o">product_pubag</subfield>
      </datafield>
      <datafield tag="787" ind1="1" ind2=" ">
         <subfield code="o">(Journal)jnl9013</subfield>
      </datafield>
      <datafield tag="856" ind1="4" ind2="0">
         <subfield code="u">http://dx.doi.org/10.1016/j.foreco.2011.09.021</subfield>
         <subfield code="3">Available from publisher's site</subfield>
      </datafield>
      <datafield tag="912" ind1=" " ind2=" ">
         <subfield code="a">Article</subfield>
      </datafield>
      <datafield tag="914" ind1=" " ind2=" ">
         <subfield code="a">Journal:jnl9013</subfield>
         <subfield code="b">0378-1127</subfield>
         <subfield code="c">272</subfield>
         <subfield code="e">13</subfield>
      </datafield>
      <datafield tag="914" ind1=" " ind2=" ">
         <subfield code="f">Forest ecology and management</subfield>
      </datafield>
      <datafield tag="917" ind1=" " ind2=" ">
         <subfield code="a">issued</subfield>
      </datafield>
      <datafield tag="918" ind1="2" ind2=" ">
         <subfield code="a">Elsevier B.V.</subfield>
         <subfield code="e">provider</subfield>
         <subfield code="5">DNAL</subfield>
      </datafield>
      <datafield tag="935" ind1=" " ind2=" ">
         <subfield code="a">IND44728618</subfield>
         <subfield code="9">ExL</subfield>
      </datafield>
      <datafield tag="949" ind1=" " ind2=" ">
         <subfield code="a">2013-09-26</subfield>
      </datafield>
      <datafield tag="953" ind1=" " ind2=" ">
         <subfield code="a">NAL27090037811270272000C.xml</subfield>
      </datafield>
      <datafield tag="961" ind1=" " ind2=" ">
         <subfield code="a">USDA/FS</subfield>
      </datafield>
      <datafield tag="962" ind1=" " ind2=" ">
         <subfield code="a">Batch:347 annotated on 2013-09-04T16:33:53Z</subfield>
      </datafield>
      <datafield tag="962" ind1=" " ind2=" ">
         <subfield code="a">Batch:347 reviewed on 2013-09-26T16:00:02Z</subfield>
      </datafield>
      <datafield tag="974" ind1=" " ind2=" ">
         <subfield code="a">agid:449340</subfield>
      </datafield>
      <datafield tag="983" ind1=" " ind2=" ">
         <subfield code="a">2014-11-11</subfield>
      </datafield>
      <datafield tag="984" ind1=" " ind2=" ">
         <subfield code="a">2014-11-11</subfield>
      </datafield>
   </record>