
   <!--Record: 180-->
   <record>
      <leader>04527nab a2200637 u 4500</leader>
      <controlfield tag="001">9915869197707426</controlfield>
      <controlfield tag="005">20221119063729.0</controlfield>
      <controlfield tag="008">141111e20111215xx |||||o|||||||||||eng||</controlfield>
      <datafield tag="016" ind1="7" ind2=" ">
         <subfield code="a">IND44728520</subfield>
         <subfield code="2">DNAL</subfield>
      </datafield>
      <datafield tag="024" ind1="7" ind2=" ">
         <subfield code="a">10.1016/j.foreco.2011.08.015</subfield>
         <subfield code="2">doi</subfield>
      </datafield>
      <datafield tag="035" ind1=" " ind2=" ">
         <subfield code="a">agid:562754-01nal_inst</subfield>
      </datafield>
      <datafield tag="040" ind1=" " ind2=" ">
         <subfield code="a">AGL</subfield>
         <subfield code="b">eng</subfield>
         <subfield code="c">AGL</subfield>
      </datafield>
      <datafield tag="100" ind1="1" ind2=" ">
         <subfield code="a">Richards, Jacob D.</subfield>
         <subfield code="e">author</subfield>
         <subfield code="u">Department of Geography, University of Alabama, Box 870322, Tuscaloosa, AL
        35487, USA</subfield>
      </datafield>
      <datafield tag="245" ind1="1" ind2="0">
         <subfield code="a">Canopy gap dynamics and development patterns in secondary Quercus stands on
        the Cumberland Plateau, Alabama, USA</subfield>
      </datafield>
      <datafield tag="300" ind1=" " ind2=" ">
         <subfield code="a">p. 2229-2239.</subfield>
      </datafield>
      <datafield tag="500" ind1=" " ind2=" ">
         <subfield code="a">2019-12-06</subfield>
      </datafield>
      <datafield tag="520" ind1=" " ind2=" ">
         <subfield code="a">Forest disturbances of various spatial extents and magnitudes shape species
        composition, structure, and stand development patterns. The disturbance regimes of most
        complex stage hardwood stands of the deciduous forests of eastern North America are typified
        by asynchronous and localized disturbance events. The overwhelming majority of gap-scale
        disturbance studies in hardwood forests of the region have analyzed late-successional
        stands. As such, there is a paucity of data on gap dynamics in hardwood stands prior to a
        complex developmental stage. We quantified biophysical characteristics of 60 canopy gaps in
        secondary Quercus stands on the Cumberland Plateau in Alabama to analyze gap-scale
        disturbance processes in developing systems. We found most gaps (90%) were caused by the
        removal of a single tree. Of the three gap formation mechanisms, snag-formed gaps were most
        common (40%). However, based on the number of uprooted and snapped stems we speculate that
        wind was also an important disturbance agent in these stands. Gap size and shape patterns
        were similar to what has been reported in other hardwood forests of the southern Appalachian
        Highlands. We did not find differences in gap size or shape based on formation mechanisms; a
        finding that may be related to the number of single-tree gap events. Gaps projected to close
        via subcanopy recruitment were significantly larger than those projected to close through
        lateral crown expansion. Most gaps (65%) were projected to close by lateral crown expansion
        of gap perimeter trees. However, the number of gaps projected to fill by subcanopy
        recruitment indicated the stands were approaching a transition in their developmental stage.
        Gap-scale processes modify residual tree architecture and stand structure. Through time
        these alterations result in progressively larger gaps, eventually reaching a size when most
        will fill by subcanopy recruitment, thus marking the complex stage of development. Gap
        capture by Quercus was restricted to relatively xeric sites that did not contain abundant
        shade-tolerant mesophytes in the understory. However, the majority of gaps contained
        abundant subcanopy Fagusgrandifolia, Acer saccharum, and Acer rubrum leading us to project
        that the forest will undergo a drastic composition shift under the current disturbance
        regime. Liriodendron tulipifera was projected to capture several relatively small gaps
        illustrating the role of topography on gap closure mechanisms.</subfield>
      </datafield>
      <datafield tag="592" ind1=" " ind2=" ">
         <subfield code="a">Publisher supplied data</subfield>
      </datafield>
      <datafield tag="593" ind1=" " ind2=" ">
         <subfield code="a">PubAg article</subfield>
      </datafield>
      <datafield tag="650" ind1=" " ind2="3">
         <subfield code="a">plateaus</subfield>
      </datafield>
      <datafield tag="650" ind1=" " ind2="3">
         <subfield code="a">topography</subfield>
      </datafield>
      <datafield tag="650" ind1=" " ind2="3">
         <subfield code="a">Quercus</subfield>
      </datafield>
      <datafield tag="650" ind1=" " ind2="3">
         <subfield code="a">wind</subfield>
      </datafield>
      <datafield tag="650" ind1=" " ind2="3">
         <subfield code="a">stems</subfield>
      </datafield>
      <datafield tag="650" ind1=" " ind2="3">
         <subfield code="a">Acer rubrum</subfield>
      </datafield>
      <datafield tag="650" ind1=" " ind2="3">
         <subfield code="a">hardwood forests</subfield>
      </datafield>
      <datafield tag="650" ind1=" " ind2="3">
         <subfield code="a">developmental stages</subfield>
      </datafield>
      <datafield tag="650" ind1=" " ind2="3">
         <subfield code="a">highlands</subfield>
      </datafield>
      <datafield tag="650" ind1=" " ind2="3">
         <subfield code="a">forest stands</subfield>
      </datafield>
      <datafield tag="650" ind1=" " ind2="3">
         <subfield code="a">trees</subfield>
      </datafield>
      <datafield tag="650" ind1=" " ind2="3">
         <subfield code="a">Liriodendron tulipifera</subfield>
      </datafield>
      <datafield tag="650" ind1=" " ind2="3">
         <subfield code="a">species diversity</subfield>
      </datafield>
      <datafield tag="650" ind1=" " ind2="3">
         <subfield code="a">canopy gaps</subfield>
      </datafield>
      <datafield tag="650" ind1=" " ind2="3">
         <subfield code="a">Acer saccharum</subfield>
      </datafield>
      <datafield tag="650" ind1=" " ind2="3">
         <subfield code="a">stand structure</subfield>
      </datafield>
      <datafield tag="651" ind1=" " ind2="3">
         <subfield code="a">Alabama</subfield>
      </datafield>
      <datafield tag="653" ind1=" " ind2="0">
         <subfield code="a">recruitment</subfield>
      </datafield>
      <datafield tag="700" ind1="1" ind2=" ">
         <subfield code="a">Hart, Justin L.</subfield>
         <subfield code="e">author</subfield>
      </datafield>
      <datafield tag="773" ind1="0" ind2=" ">
         <subfield code="t">Forest ecology and management.</subfield>
         <subfield code="g">2011 Dec. 15, v. 262, no. 12 p.2229-2239</subfield>
         <subfield code="d">Elsevier B.V.</subfield>
         <subfield code="x">0378-1127</subfield>
         <subfield code="7">nnas</subfield>
      </datafield>
      <datafield tag="787" ind1="1" ind2=" ">
         <subfield code="o">islandora_article_repository</subfield>
      </datafield>
      <datafield tag="787" ind1="1" ind2=" ">
         <subfield code="o">product_pubag</subfield>
      </datafield>
      <datafield tag="787" ind1="1" ind2=" ">
         <subfield code="o">(Journal)jnl9013</subfield>
      </datafield>
      <datafield tag="856" ind1="4" ind2="0">
         <subfield code="u">http://dx.doi.org/10.1016/j.foreco.2011.08.015</subfield>
         <subfield code="3">Available from publisher's site</subfield>
      </datafield>
      <datafield tag="912" ind1=" " ind2=" ">
         <subfield code="a">Article</subfield>
      </datafield>
      <datafield tag="914" ind1=" " ind2=" ">
         <subfield code="a">Journal:jnl9013</subfield>
         <subfield code="c">262</subfield>
         <subfield code="d">12</subfield>
         <subfield code="e">2229</subfield>
      </datafield>
      <datafield tag="914" ind1=" " ind2=" ">
         <subfield code="f">Forest ecology and management</subfield>
      </datafield>
      <datafield tag="917" ind1=" " ind2=" ">
         <subfield code="a">issued</subfield>
      </datafield>
      <datafield tag="918" ind1="2" ind2=" ">
         <subfield code="a">Elsevier B.V.</subfield>
         <subfield code="e">provider</subfield>
         <subfield code="5">DNAL</subfield>
      </datafield>
      <datafield tag="935" ind1=" " ind2=" ">
         <subfield code="a">IND44728520</subfield>
         <subfield code="9">ExL</subfield>
      </datafield>
      <datafield tag="949" ind1=" " ind2=" ">
         <subfield code="a">2013-09-26</subfield>
      </datafield>
      <datafield tag="953" ind1=" " ind2=" ">
         <subfield code="a">NAL270800378112702620012.xml</subfield>
      </datafield>
      <datafield tag="962" ind1=" " ind2=" ">
         <subfield code="a">Batch:347 annotated on 2013-09-04T16:33:53Z</subfield>
      </datafield>
      <datafield tag="962" ind1=" " ind2=" ">
         <subfield code="a">Batch:347 reviewed on 2013-09-26T16:00:02Z</subfield>
      </datafield>
      <datafield tag="974" ind1=" " ind2=" ">
         <subfield code="a">agid:562754</subfield>
      </datafield>
      <datafield tag="983" ind1=" " ind2=" ">
         <subfield code="a">2014-11-11</subfield>
      </datafield>
      <datafield tag="984" ind1=" " ind2=" ">
         <subfield code="a">2014-11-11</subfield>
      </datafield>
   </record>