
   <!--Record: 184-->
   <record>
      <leader>03911nab a2200613 u 4500</leader>
      <controlfield tag="001">9915869926407426</controlfield>
      <controlfield tag="005">20221119070558.0</controlfield>
      <controlfield tag="008">090703e200908 xx |||||o|||||||||||eng||</controlfield>
      <datafield tag="016" ind1="7" ind2=" ">
         <subfield code="a">IND44226481</subfield>
         <subfield code="2">DNAL</subfield>
      </datafield>
      <datafield tag="024" ind1="7" ind2=" ">
         <subfield code="a">10.1111/j.1365-2664.2009.01670.x</subfield>
         <subfield code="2">doi</subfield>
      </datafield>
      <datafield tag="035" ind1=" " ind2=" ">
         <subfield code="a">agid:759211-01nal_inst</subfield>
      </datafield>
      <datafield tag="040" ind1=" " ind2=" ">
         <subfield code="a">AGL</subfield>
         <subfield code="b">eng</subfield>
         <subfield code="c">AGL</subfield>
      </datafield>
      <datafield tag="072" ind1=" " ind2="0">
         <subfield code="a">L200</subfield>
      </datafield>
      <datafield tag="072" ind1=" " ind2="0">
         <subfield code="a">L300</subfield>
      </datafield>
      <datafield tag="100" ind1="1" ind2=" ">
         <subfield code="a">Angelone, Sonia</subfield>
      </datafield>
      <datafield tag="245" ind1="1" ind2="0">
         <subfield code="a">Population genetics suggests effectiveness of habitat connectivity measures
        for the European tree frog in Switzerland</subfield>
      </datafield>
      <datafield tag="300" ind1=" " ind2=" ">
         <subfield code="a">p. 879-887.</subfield>
      </datafield>
      <datafield tag="500" ind1=" " ind2=" ">
         <subfield code="a">Includes references</subfield>
      </datafield>
      <datafield tag="500" ind1=" " ind2=" ">
         <subfield code="a">2019-12-06</subfield>
      </datafield>
      <datafield tag="520" ind1=" " ind2=" ">
         <subfield code="a">1. Governmental authorities in many countries financially support the
        implementation of habitat connectivity measures to enhance the exchange of individuals among
        fragmented populations. The evaluation of the effectiveness of such measures is crucial for
        future management directions and can be accomplished by using genetic methods. 2. We
        retraced the population history of the European tree frog in two Swiss river valleys (Reuss
        and Thur), performed comprehensive population sampling to infer the genetic structure at 11
        microsatellite markers, and used first-generation migrant assignment tests to evaluate the
        contemporary exchange of individuals. 3. Compared with the Thur valley, the Reuss valley has
        lost almost double the number of breeding sites and exhibited a more pronounced genetic
        grouping. However, similar numbers of contemporary migrants were detected in both valleys.
        In the Reuss valley, 81% of the migration events occurred within the identified genetic
        groups, whereas in the Thur valley migration patterns were diffuse. 4. Our results show that
        the connectivity measures implemented in the Reuss valley facilitated effective tree frog
        migration among breeding sites within distances up to 4 km. Nevertheless, the Reuss valley
        exhibited high genetic differentiation, which reflected the impact of barriers to tree frog
        movement such as the River Reuss. By contrast in the Thur valley, a larger number of
        breeding sites have been preserved and high admixture indicated exchange of individuals at
        distances up to 16 km. 5. Synthesis and applications. We show that genetic methods can
        substantiate the effectiveness of connectivity measures taken in conservation management at
        the landscape scale. We urge responsible authorities from both river valleys to continue
        implementing connectivity measures and to create a dense network of breeding sites, as
        spatial gaps of 8 km are rarely traversed by tree frogs.</subfield>
      </datafield>
      <datafield tag="593" ind1=" " ind2=" ">
         <subfield code="a">PubAg article</subfield>
      </datafield>
      <datafield tag="650" ind1=" " ind2="3">
         <subfield code="a">microsatellite repeats</subfield>
      </datafield>
      <datafield tag="650" ind1=" " ind2="3">
         <subfield code="a">migratory behavior</subfield>
      </datafield>
      <datafield tag="650" ind1=" " ind2="3">
         <subfield code="a">breeding sites</subfield>
      </datafield>
      <datafield tag="650" ind1=" " ind2="3">
         <subfield code="a">wildlife management</subfield>
      </datafield>
      <datafield tag="650" ind1=" " ind2="3">
         <subfield code="a">Hyla</subfield>
      </datafield>
      <datafield tag="650" ind1=" " ind2="3">
         <subfield code="a">wildlife habitats</subfield>
      </datafield>
      <datafield tag="650" ind1=" " ind2="3">
         <subfield code="a">spatial data</subfield>
      </datafield>
      <datafield tag="650" ind1=" " ind2="3">
         <subfield code="a">population genetics</subfield>
      </datafield>
      <datafield tag="650" ind1=" " ind2="3">
         <subfield code="a">population size</subfield>
      </datafield>
      <datafield tag="651" ind1=" " ind2="3">
         <subfield code="a">Switzerland</subfield>
      </datafield>
      <datafield tag="653" ind1=" " ind2="0">
         <subfield code="a">Hyla arborea</subfield>
      </datafield>
      <datafield tag="653" ind1=" " ind2="0">
         <subfield code="a">migration behavior</subfield>
      </datafield>
      <datafield tag="700" ind1="1" ind2=" ">
         <subfield code="a">Holderegger, Rolf</subfield>
      </datafield>
      <datafield tag="773" ind1="0" ind2=" ">
         <subfield code="t">Journal of applied ecology.</subfield>
         <subfield code="g">2009 Aug., v. 46, no. 4 p.879-887</subfield>
         <subfield code="d">Blackwell Publishing Ltd</subfield>
         <subfield code="x">0021-8901</subfield>
         <subfield code="7">nnas</subfield>
      </datafield>
      <datafield tag="787" ind1="1" ind2=" ">
         <subfield code="o">islandora_article_repository</subfield>
      </datafield>
      <datafield tag="787" ind1="1" ind2=" ">
         <subfield code="o">product_pubag</subfield>
      </datafield>
      <datafield tag="787" ind1="1" ind2=" ">
         <subfield code="o">(Journal)jnl57298</subfield>
      </datafield>
      <datafield tag="852" ind1=" " ind2=" ">
         <subfield code="a">DNAL</subfield>
      </datafield>
      <datafield tag="856" ind1="4" ind2="0">
         <subfield code="u">http://dx.doi.org/10.1111/j.1365-2664.2009.01670.x</subfield>
         <subfield code="3">Available from publisher's Web site</subfield>
      </datafield>
      <datafield tag="912" ind1=" " ind2=" ">
         <subfield code="a">Article</subfield>
      </datafield>
      <datafield tag="914" ind1=" " ind2=" ">
         <subfield code="a">Journal:jnl57298</subfield>
         <subfield code="b">0021-8901</subfield>
         <subfield code="c">46</subfield>
         <subfield code="d">4</subfield>
         <subfield code="e">879</subfield>
      </datafield>
      <datafield tag="914" ind1=" " ind2=" ">
         <subfield code="f">Journal of applied ecology</subfield>
      </datafield>
      <datafield tag="917" ind1=" " ind2=" ">
         <subfield code="a">issued</subfield>
      </datafield>
      <datafield tag="930" ind1=" " ind2=" ">
         <subfield code="a">20091010</subfield>
         <subfield code="b">20091106</subfield>
         <subfield code="c">00000000</subfield>
      </datafield>
      <datafield tag="935" ind1=" " ind2=" ">
         <subfield code="a">IND44226481</subfield>
         <subfield code="9">ExL</subfield>
      </datafield>
      <datafield tag="945" ind1=" " ind2=" ">
         <subfield code="a">IND</subfield>
         <subfield code="d">YLP</subfield>
         <subfield code="e">2009/10/09</subfield>
      </datafield>
      <datafield tag="946" ind1=" " ind2=" ">
         <subfield code="a">Non-US</subfield>
      </datafield>
      <datafield tag="949" ind1=" " ind2=" ">
         <subfield code="a">2014-07-17</subfield>
      </datafield>
      <datafield tag="952" ind1=" " ind2=" ">
         <subfield code="a">20091010 20091106 00000000</subfield>
         <subfield code="b">IND YLP 2009/10/09</subfield>
      </datafield>
      <datafield tag="974" ind1=" " ind2=" ">
         <subfield code="a">agid:759211</subfield>
      </datafield>
      <datafield tag="984" ind1=" " ind2=" ">
         <subfield code="a">2014-07-25</subfield>
      </datafield>
      <datafield tag="985" ind1=" " ind2=" ">
         <subfield code="a">Converted from MARCXML to MODS version 3.4 using MARC21slim2MODS3-4.xsl
        (Revision 1.95 2014/04/23)</subfield>
      </datafield>
      <datafield tag="986" ind1=" " ind2=" ">
         <subfield code="a">4226481</subfield>
      </datafield>
   </record>