
   <!--Record: 187-->
   <record>
      <leader>04412nab a2200601 u 4500</leader>
      <controlfield tag="001">9915871976207426</controlfield>
      <controlfield tag="005">20221119081520.0</controlfield>
      <controlfield tag="008">141111e20120715xx |||||o|||||||||||eng||</controlfield>
      <datafield tag="016" ind1="7" ind2=" ">
         <subfield code="a">IND44728666</subfield>
         <subfield code="2">DNAL</subfield>
      </datafield>
      <datafield tag="024" ind1="7" ind2=" ">
         <subfield code="a">10.1016/j.foreco.2012.03.020</subfield>
         <subfield code="2">doi</subfield>
      </datafield>
      <datafield tag="035" ind1=" " ind2=" ">
         <subfield code="a">agid:524444-01nal_inst</subfield>
      </datafield>
      <datafield tag="040" ind1=" " ind2=" ">
         <subfield code="a">AGL</subfield>
         <subfield code="b">eng</subfield>
         <subfield code="c">AGL</subfield>
      </datafield>
      <datafield tag="100" ind1="1" ind2=" ">
         <subfield code="a">Newton, Peter</subfield>
         <subfield code="e">author</subfield>
         <subfield code="u">Centre for Ecology, Evolution and Conservation, School of Environmental
        Sciences, University of East Anglia, Norwich, NR4 7TJ, UK</subfield>
      </datafield>
      <datafield tag="245" ind1="1" ind2="0">
         <subfield code="a">Cross-scale variation in the density and spatial distribution of an
        Amazonian non-timber forest resource</subfield>
      </datafield>
      <datafield tag="300" ind1=" " ind2=" ">
         <subfield code="a">p. 41-51.</subfield>
      </datafield>
      <datafield tag="520" ind1=" " ind2=" ">
         <subfield code="a">Successful management of tropical forest resources depends upon an
        understanding of their patterns of density and spatial distribution, since these affect the
        potential for harvesting. The variation in these patterns across different spatial scales
        has rarely been explored. We assessed the extent to which different spatial scales are
        useful in understanding resource distribution, using the example of an
        economically-significant tropical tree genus, Copaifera, which is valued across Brazilian
        Amazonia for its medicinal oleoresin. We mapped the spatial distribution of Copaifera trees
        at three nested spatial scales: basin-wide (across Brazilian Amazonia), landscape (across
        two contiguous extractive reserves) and local (within a 100-ha plot). Using data from our
        own study and an Amazon-wide forest inventory (Projeto RADAMBRASIL), we quantified the
        population distribution, density and size structure at the genus and species level at all
        three scales, relating these to two environmental variables – forest type and elevation.
        Spatial statistics were used to further characterize the resource at the landscape and local
        levels. The distribution, density and adult population structure differed between species
        and forest types at all three spatial scales. Overall tree densities ranged from 0.37ha–¹
        (basin-wide scale) to 1.13ha–¹ (local scale) but varied between forest types, with várzea
        containing a Copaifera tree density just 43% of that in terra firme forest at the landscape
        scale. Spatial distribution analyses showed significant clumping of some species, especially
        C. multijuga which averaged 61m between neighbouring trees. We compare our cross-scale
        density estimates and discuss the relative merits of studying the distribution of non-timber
        forest products (NTFP) at more than one spatial scale. Our results have implications for the
        management and extraction of this important Amazonian forest resource.</subfield>
      </datafield>
      <datafield tag="592" ind1=" " ind2=" ">
         <subfield code="a">Publisher supplied data</subfield>
      </datafield>
      <datafield tag="593" ind1=" " ind2=" ">
         <subfield code="a">PubAg article</subfield>
      </datafield>
      <datafield tag="650" ind1=" " ind2="3">
         <subfield code="a">Copaifera</subfield>
      </datafield>
      <datafield tag="650" ind1=" " ind2="3">
         <subfield code="a">environmental factors</subfield>
      </datafield>
      <datafield tag="650" ind1=" " ind2="3">
         <subfield code="a">forest inventory</subfield>
      </datafield>
      <datafield tag="650" ind1=" " ind2="3">
         <subfield code="a">forest management</subfield>
      </datafield>
      <datafield tag="650" ind1=" " ind2="3">
         <subfield code="a">forest resources</subfield>
      </datafield>
      <datafield tag="650" ind1=" " ind2="3">
         <subfield code="a">forest types</subfield>
      </datafield>
      <datafield tag="650" ind1=" " ind2="3">
         <subfield code="a">landscapes</subfield>
      </datafield>
      <datafield tag="650" ind1=" " ind2="3">
         <subfield code="a">nontimber forest products</subfield>
      </datafield>
      <datafield tag="650" ind1=" " ind2="3">
         <subfield code="a">population density</subfield>
      </datafield>
      <datafield tag="650" ind1=" " ind2="3">
         <subfield code="a">population distribution</subfield>
      </datafield>
      <datafield tag="650" ind1=" " ind2="3">
         <subfield code="a">population structure</subfield>
      </datafield>
      <datafield tag="650" ind1=" " ind2="3">
         <subfield code="a">statistics</subfield>
      </datafield>
      <datafield tag="650" ind1=" " ind2="3">
         <subfield code="a">trees</subfield>
      </datafield>
      <datafield tag="651" ind1=" " ind2="3">
         <subfield code="a">Amazonia</subfield>
      </datafield>
      <datafield tag="700" ind1="1" ind2=" ">
         <subfield code="a">Peres, Carlos A.</subfield>
         <subfield code="e">author</subfield>
         <subfield code="u">Centre for Ecology, Evolution and Conservation, School of Environmental
        Sciences, University of East Anglia, Norwich, NR4 7TJ, UK</subfield>
      </datafield>
      <datafield tag="700" ind1="1" ind2=" ">
         <subfield code="a">Desmoulière, Sylvain J.M.</subfield>
         <subfield code="e">author</subfield>
         <subfield code="u">Instituto Leônidas e Maria Deane/Fiocruz Amazônia, Rua Terezina 476,
        Adrianópolis, Manaus, Amazonas, Brazil</subfield>
      </datafield>
      <datafield tag="700" ind1="1" ind2=" ">
         <subfield code="a">Watkinson, Andrew R.</subfield>
         <subfield code="e">author</subfield>
         <subfield code="u">Centre for Ecology, Evolution and Conservation, School of Environmental
        Sciences, University of East Anglia, Norwich, NR4 7TJ, UK</subfield>
      </datafield>
      <datafield tag="773" ind1="0" ind2=" ">
         <subfield code="t">Forest ecology and management.</subfield>
         <subfield code="g">2012 July 15, v. 276 p.41-51</subfield>
         <subfield code="d">Elsevier B.V.</subfield>
         <subfield code="x">0378-1127</subfield>
         <subfield code="7">nnas</subfield>
      </datafield>
      <datafield tag="787" ind1="1" ind2=" ">
         <subfield code="o">islandora_article_repository</subfield>
      </datafield>
      <datafield tag="787" ind1="1" ind2=" ">
         <subfield code="o">product_pubag</subfield>
      </datafield>
      <datafield tag="787" ind1="1" ind2=" ">
         <subfield code="o">(Journal)jnl9013</subfield>
      </datafield>
      <datafield tag="856" ind1="4" ind2="0">
         <subfield code="u">http://dx.doi.org/10.1016/j.foreco.2012.03.020</subfield>
         <subfield code="3">Available from publisher's site</subfield>
      </datafield>
      <datafield tag="912" ind1=" " ind2=" ">
         <subfield code="a">Article</subfield>
      </datafield>
      <datafield tag="914" ind1=" " ind2=" ">
         <subfield code="a">Journal:jnl9013</subfield>
         <subfield code="b">0378-1127</subfield>
         <subfield code="c">276</subfield>
         <subfield code="e">41</subfield>
      </datafield>
      <datafield tag="914" ind1=" " ind2=" ">
         <subfield code="f">Forest ecology and management</subfield>
      </datafield>
      <datafield tag="917" ind1=" " ind2=" ">
         <subfield code="a">issued</subfield>
      </datafield>
      <datafield tag="918" ind1="2" ind2=" ">
         <subfield code="a">Elsevier B.V.</subfield>
         <subfield code="e">provider</subfield>
         <subfield code="5">DNAL</subfield>
      </datafield>
      <datafield tag="935" ind1=" " ind2=" ">
         <subfield code="a">IND44728666</subfield>
         <subfield code="9">ExL</subfield>
      </datafield>
      <datafield tag="949" ind1=" " ind2=" ">
         <subfield code="a">2013-09-26</subfield>
      </datafield>
      <datafield tag="953" ind1=" " ind2=" ">
         <subfield code="a">NAL27090037811270276000C.xml</subfield>
      </datafield>
      <datafield tag="962" ind1=" " ind2=" ">
         <subfield code="a">Batch:347 annotated on 2013-09-04T16:33:53Z</subfield>
      </datafield>
      <datafield tag="962" ind1=" " ind2=" ">
         <subfield code="a">Batch:347 reviewed on 2013-09-26T16:00:02Z</subfield>
      </datafield>
      <datafield tag="974" ind1=" " ind2=" ">
         <subfield code="a">agid:524444</subfield>
      </datafield>
      <datafield tag="983" ind1=" " ind2=" ">
         <subfield code="a">2014-11-11</subfield>
      </datafield>
      <datafield tag="984" ind1=" " ind2=" ">
         <subfield code="a">2014-11-11</subfield>
      </datafield>
   </record>