
   <!--Record: 190-->
   <record>
      <leader>05293nab a2200673 u 4500</leader>
      <controlfield tag="001">9915872708107426</controlfield>
      <controlfield tag="005">20221119084748.0</controlfield>
      <controlfield tag="008">210911e20211101xx |||||o|||||||||||eng||</controlfield>
      <datafield tag="016" ind1="7" ind2=" ">
         <subfield code="a">IND607471778</subfield>
         <subfield code="2">DNAL</subfield>
      </datafield>
      <datafield tag="024" ind1="7" ind2=" ">
         <subfield code="a">10.1016/j.foreco.2021.119592</subfield>
         <subfield code="2">doi</subfield>
      </datafield>
      <datafield tag="035" ind1=" " ind2=" ">
         <subfield code="a">agid:7471778-01nal_inst</subfield>
      </datafield>
      <datafield tag="040" ind1=" " ind2=" ">
         <subfield code="a">AGL</subfield>
         <subfield code="b">eng</subfield>
         <subfield code="c">AGL</subfield>
      </datafield>
      <datafield tag="100" ind1="1" ind2=" ">
         <subfield code="a">Patiño, Jorge</subfield>
         <subfield code="e">author</subfield>
         <subfield code="u">Maestría de Biología de la Conservación y Ecología Tropical, Univ. Técnica
        Particular de Loja, San Cayetano Alto, Ecuador</subfield>
      </datafield>
      <datafield tag="245" ind1="1" ind2="0">
         <subfield code="a">Fencing promotes fast recovery of demographic processes after
        grazing-driven collapse in Bursera graveolens forests</subfield>
      </datafield>
      <datafield tag="520" ind1=" " ind2=" ">
         <subfield code="a">Global change pressures are jeopardizing the functioning and structure of
        most tropical forests and clouding the future for their biodiversity and provided services.
        Although the impact of direct destruction through deforestation and fragmentation is
        currently in the research portfolio, overgrazing, which is more diffuse and generalized but
        chronic, especially in the seasonal dry forests, has been by far less addressed. Overgrazing
        can lead to a dramatic change in natural regeneration, often triggering the collapse of
        dominant species.The almost monospecific dry forests of Bursera graveolens, one of the most
        representative forest of the Tumbesian region, are on the verge of extinction due to both
        direct destruction and chronic overgrazing and regeneration collapse in forest remnants.
        Here, we evaluated the impact of a very simple measure, the installation of fences, on the
        regeneration of ecological processes affecting the dominant species. We mapped and measured
        all Bursera individuals with a height greater than or equal to 30 cm in six 1-ha plots, 3
        within and 3 outside fenced areas. Using spatial point pattern analysis, we inferred the
        importance of demographic and ecological processes affecting adults and juveniles in fenced
        and unfenced areas.The spatial structure of adults was similar in fenced and unfenced areas,
        varying from random to aggregated patterns, showing that fences did not interfere with
        ecological processes affecting adult trees. On the contrary, we found 2765 juveniles in the
        three fenced plots but none in free ranging areas. Juveniles showed heterogeneous clustered
        patterns, and their distribution and growth were negatively influenced both by the presence
        and the height of adult trees. On average, there was an exclusion zone of 10 m around adult
        trees were recruitment of juveniles was limited. Competition among juveniles appeared to be
        negligible.All in all, these results suggest that, in addition to recruitment, two of the
        main mechanisms that rule tree population dynamics in tropical forests, i.e., dispersal
        limitation and a Janzen-Connell-like mechanism favoring recruiting far from adult trees have
        been immediately restored in the fenced area. This shows that fencing is a viable tool for a
        fast regeneration and conservation of Bursera forests.</subfield>
      </datafield>
      <datafield tag="592" ind1=" " ind2=" ">
         <subfield code="a">Publisher supplied data</subfield>
      </datafield>
      <datafield tag="593" ind1=" " ind2=" ">
         <subfield code="a">PubAg article</subfield>
      </datafield>
      <datafield tag="650" ind1=" " ind2="3">
         <subfield code="a">Bursera</subfield>
      </datafield>
      <datafield tag="650" ind1=" " ind2="3">
         <subfield code="a">administrative management</subfield>
      </datafield>
      <datafield tag="650" ind1=" " ind2="3">
         <subfield code="a">adults</subfield>
      </datafield>
      <datafield tag="650" ind1=" " ind2="3">
         <subfield code="a">biodiversity</subfield>
      </datafield>
      <datafield tag="650" ind1=" " ind2="3">
         <subfield code="a">deforestation</subfield>
      </datafield>
      <datafield tag="650" ind1=" " ind2="3">
         <subfield code="a">dominant species</subfield>
      </datafield>
      <datafield tag="650" ind1=" " ind2="3">
         <subfield code="a">extinction</subfield>
      </datafield>
      <datafield tag="650" ind1=" " ind2="3">
         <subfield code="a">forest ecology</subfield>
      </datafield>
      <datafield tag="650" ind1=" " ind2="3">
         <subfield code="a">global change</subfield>
      </datafield>
      <datafield tag="650" ind1=" " ind2="3">
         <subfield code="a">natural regeneration</subfield>
      </datafield>
      <datafield tag="650" ind1=" " ind2="3">
         <subfield code="a">population dynamics</subfield>
      </datafield>
      <datafield tag="650" ind1=" " ind2="3">
         <subfield code="a">trees</subfield>
      </datafield>
      <datafield tag="653" ind1=" " ind2="0">
         <subfield code="a">Fencing</subfield>
      </datafield>
      <datafield tag="653" ind1=" " ind2="0">
         <subfield code="a">Seasonally dry tropical forests</subfield>
      </datafield>
      <datafield tag="653" ind1=" " ind2="0">
         <subfield code="a">Spatial patterns</subfield>
      </datafield>
      <datafield tag="653" ind1=" " ind2="0">
         <subfield code="a">Replicate point patterns</subfield>
      </datafield>
      <datafield tag="653" ind1=" " ind2="0">
         <subfield code="a">Demographic process</subfield>
      </datafield>
      <datafield tag="653" ind1=" " ind2="0">
         <subfield code="a">Grazing</subfield>
      </datafield>
      <datafield tag="700" ind1="1" ind2=" ">
         <subfield code="a">Ramón, Pablo</subfield>
         <subfield code="e">author</subfield>
         <subfield code="u">EcoSs_Lab, Depto. de Ciencias Biológicas, Universidad Técnica Particular de
        Loja, San Cayetano Alto, 110107 Loja, Ecuador</subfield>
      </datafield>
      <datafield tag="700" ind1="1" ind2=" ">
         <subfield code="a">Gusmán-Montalván, Elizabeth</subfield>
         <subfield code="e">author</subfield>
         <subfield code="u">EcoSs_Lab, Depto. de Ciencias Biológicas, Universidad Técnica Particular de
        Loja, San Cayetano Alto, 110107 Loja, Ecuador</subfield>
      </datafield>
      <datafield tag="700" ind1="1" ind2=" ">
         <subfield code="a">Escudero, Adrián</subfield>
         <subfield code="e">author</subfield>
         <subfield code="u">Área de Biodiversidad y Conservación, Depto. de Biología, Geología, Física
        y Química Inorgánica, ESCET, Univ. Rey Juan Carlos, Móstoles, Madrid E-28933,
        Spain</subfield>
      </datafield>
      <datafield tag="700" ind1="1" ind2=" ">
         <subfield code="a">de la Cruz, Marcelino</subfield>
         <subfield code="e">author</subfield>
         <subfield code="u">Área de Biodiversidad y Conservación, Depto. de Biología, Geología, Física
        y Química Inorgánica, ESCET, Univ. Rey Juan Carlos, Móstoles, Madrid E-28933,
        Spain</subfield>
      </datafield>
      <datafield tag="773" ind1="0" ind2=" ">
         <subfield code="t">Forest ecology and management.</subfield>
         <subfield code="g">2021 Nov. 01, v. 499 p.119592-</subfield>
         <subfield code="d">Elsevier B.V.</subfield>
         <subfield code="w">Journal:jnl9013</subfield>
         <subfield code="x">0378-1127</subfield>
         <subfield code="7">nnas</subfield>
      </datafield>
      <datafield tag="787" ind1="1" ind2=" ">
         <subfield code="o">islandora_article_repository</subfield>
      </datafield>
      <datafield tag="787" ind1="1" ind2=" ">
         <subfield code="o">product_pubag</subfield>
      </datafield>
      <datafield tag="787" ind1="1" ind2=" ">
         <subfield code="o">(Journal)jnl9013</subfield>
      </datafield>
      <datafield tag="856" ind1="4" ind2="0">
         <subfield code="u">https://dx.doi.org/10.1016/j.foreco.2021.119592</subfield>
         <subfield code="3">Available from publisher's site</subfield>
      </datafield>
      <datafield tag="912" ind1=" " ind2=" ">
         <subfield code="a">Article</subfield>
      </datafield>
      <datafield tag="914" ind1=" " ind2=" ">
         <subfield code="a">Journal:jnl9013</subfield>
         <subfield code="b">0378-1127</subfield>
         <subfield code="c">499</subfield>
         <subfield code="e">119592</subfield>
      </datafield>
      <datafield tag="914" ind1=" " ind2=" ">
         <subfield code="f">Forest ecology and management</subfield>
      </datafield>
      <datafield tag="916" ind1=" " ind2=" ">
         <subfield code="a">Batch:10191</subfield>
      </datafield>
      <datafield tag="917" ind1=" " ind2=" ">
         <subfield code="a">issued</subfield>
      </datafield>
      <datafield tag="918" ind1="2" ind2=" ">
         <subfield code="a">Elsevier Consyn</subfield>
         <subfield code="e">provider</subfield>
         <subfield code="5">DNAL</subfield>
      </datafield>
      <datafield tag="935" ind1=" " ind2=" ">
         <subfield code="a">IND607471778</subfield>
         <subfield code="9">ExL</subfield>
      </datafield>
      <datafield tag="949" ind1=" " ind2=" ">
         <subfield code="a">2022-02-22</subfield>
      </datafield>
      <datafield tag="952" ind1=" " ind2=" ">
         <subfield code="d">NAL-AP-2-clean</subfield>
      </datafield>
      <datafield tag="953" ind1=" " ind2=" ">
         <subfield code="a">/data/metadata/incoming/consyn/355906199649454918-00003-HEAD-ONLY-NEW
        CONSYN ISSNS.zip</subfield>
      </datafield>
      <datafield tag="954" ind1=" " ind2=" ">
         <subfield code="a">file:/data/metadata/staging/consyn/S0378112721006824.xml</subfield>
      </datafield>
      <datafield tag="955" ind1=" " ind2=" ">
         <subfield code="a">/data/metadata/staging/consyn/</subfield>
      </datafield>
      <datafield tag="974" ind1=" " ind2=" ">
         <subfield code="a">agid:7471778</subfield>
      </datafield>
      <datafield tag="983" ind1=" " ind2=" ">
         <subfield code="a">2021-09-11</subfield>
      </datafield>
      <datafield tag="984" ind1=" " ind2=" ">
         <subfield code="a">2022-02-17</subfield>
      </datafield>
   </record>