
   <!--Record: 193-->
   <record>
      <leader>04730nab a2200709 u 4500</leader>
      <controlfield tag="001">9915873238207426</controlfield>
      <controlfield tag="005">20221119090450.0</controlfield>
      <controlfield tag="008">191025e20191020xx |||||o|||||||||||eng||</controlfield>
      <datafield tag="016" ind1="7" ind2=" ">
         <subfield code="a">IND606745650</subfield>
         <subfield code="2">DNAL</subfield>
      </datafield>
      <datafield tag="024" ind1="7" ind2=" ">
         <subfield code="a">10.3390/rs11202433</subfield>
         <subfield code="2">doi</subfield>
      </datafield>
      <datafield tag="035" ind1=" " ind2=" ">
         <subfield code="a">agid:6745650-01nal_inst</subfield>
      </datafield>
      <datafield tag="040" ind1=" " ind2=" ">
         <subfield code="a">AGL</subfield>
         <subfield code="b">eng</subfield>
         <subfield code="c">AGL</subfield>
      </datafield>
      <datafield tag="100" ind1="1" ind2=" ">
         <subfield code="a">Karna, Yogendra K.</subfield>
         <subfield code="e">author</subfield>
         <subfield code="u">School of Ecosystem and Forest Sciences, The University of Melbourne, 4
        Water Street, Creswick VIC 3363, Australia. ykarna@student.unimelb.edu.au</subfield>
      </datafield>
      <datafield tag="245" ind1="1" ind2="0">
         <subfield code="a">Assessing Legacy Effects of Wildfires on the Crown Structure of
        Fire-Tolerant Eucalypt Trees Using Airborne LiDAR Data</subfield>
      </datafield>
      <datafield tag="520" ind1=" " ind2=" ">
         <subfield code="a">The fire-tolerant eucalypt forests of south eastern Australia are assumed
        to fully recover from even the most intense fires; however, surprisingly, very few studies
        have quantitatively assessed that recovery. The accurate assessment of horizontal and
        vertical attributes of tree crowns after fire is essential to understand the
        fire&amp;rsquo;s legacy effects on tree growth and on forest structure. In this study, we
        quantitatively assessed individual tree crowns 8.5 years after a 2009 wildfire that burnt
        extensive areas of eucalypt forest in temperate Australia. We used airborne LiDAR data
        validated with field measurements to estimate multiple metrics that quantified the cover,
        density, and vertical distribution of individual-tree crowns in 51 plots of 0.05 ha in
        fire-tolerant eucalypt forest across four wildfire severity types (unburnt, low, moderate,
        high). Significant differences in the field-assessed mean height of fire scarring as a
        proportion of tree height and in the proportions of trees with epicormic (stem) resprouts
        were consistent with the gradation in fire severity. Linear mixed-effects models indicated
        persistent effects of both moderate and high-severity wildfire on tree crown architecture.
        Trees at high-severity sites had significantly less crown projection area and live crown
        width as a proportion of total crown width than those at unburnt and low-severity sites.
        Significant differences in LiDAR -based metrics (crown cover, evenness, leaf area density
        profiles) indicated that tree crowns at moderate and high-severity sites were comparatively
        narrow and more evenly distributed down the tree stem. These conical-shaped crowns
        contrasted sharply with the rounded crowns of trees at unburnt and low-severity sites and
        likely influenced both tree productivity and the accuracy of biomass allometric equations
        for nearly a decade after the fire. Our data provide a clear example of the utility of
        airborne LiDAR data for quantifying the impacts of disturbances at the scale of individual
        trees. Quantified effects of contrasting fire severities on the structure of resprouter tree
        crowns provide a strong basis for interpreting post-fire patterns in forest canopies and
        vegetation profiles in Light Detection and Ranging (LiDAR) and other remotely-sensed data at
        larger scales.</subfield>
      </datafield>
      <datafield tag="592" ind1=" " ind2=" ">
         <subfield code="a">Publisher supplied data</subfield>
      </datafield>
      <datafield tag="593" ind1=" " ind2=" ">
         <subfield code="a">PubAg article</subfield>
      </datafield>
      <datafield tag="650" ind1=" " ind2="3">
         <subfield code="a">Eucalyptus</subfield>
      </datafield>
      <datafield tag="650" ind1=" " ind2="3">
         <subfield code="a">allometry</subfield>
      </datafield>
      <datafield tag="650" ind1=" " ind2="3">
         <subfield code="a">biomass</subfield>
      </datafield>
      <datafield tag="650" ind1=" " ind2="3">
         <subfield code="a">epicormics</subfield>
      </datafield>
      <datafield tag="650" ind1=" " ind2="3">
         <subfield code="a">equations</subfield>
      </datafield>
      <datafield tag="650" ind1=" " ind2="3">
         <subfield code="a">fire resistance</subfield>
      </datafield>
      <datafield tag="650" ind1=" " ind2="3">
         <subfield code="a">fire severity</subfield>
      </datafield>
      <datafield tag="650" ind1=" " ind2="3">
         <subfield code="a">forest canopy</subfield>
      </datafield>
      <datafield tag="650" ind1=" " ind2="3">
         <subfield code="a">forests</subfield>
      </datafield>
      <datafield tag="650" ind1=" " ind2="3">
         <subfield code="a">leaf area</subfield>
      </datafield>
      <datafield tag="650" ind1=" " ind2="3">
         <subfield code="a">lidar</subfield>
      </datafield>
      <datafield tag="650" ind1=" " ind2="3">
         <subfield code="a">models</subfield>
      </datafield>
      <datafield tag="650" ind1=" " ind2="3">
         <subfield code="a">remote sensing</subfield>
      </datafield>
      <datafield tag="650" ind1=" " ind2="3">
         <subfield code="a">spatial distribution</subfield>
      </datafield>
      <datafield tag="650" ind1=" " ind2="3">
         <subfield code="a">tree crown</subfield>
      </datafield>
      <datafield tag="650" ind1=" " ind2="3">
         <subfield code="a">tree growth</subfield>
      </datafield>
      <datafield tag="650" ind1=" " ind2="3">
         <subfield code="a">tree height</subfield>
      </datafield>
      <datafield tag="650" ind1=" " ind2="3">
         <subfield code="a">trees</subfield>
      </datafield>
      <datafield tag="650" ind1=" " ind2="3">
         <subfield code="a">wildfires</subfield>
      </datafield>
      <datafield tag="651" ind1=" " ind2="3">
         <subfield code="a">Australia</subfield>
      </datafield>
      <datafield tag="700" ind1="1" ind2=" ">
         <subfield code="a">Penman, Trent D.</subfield>
         <subfield code="e">author</subfield>
      </datafield>
      <datafield tag="700" ind1="1" ind2=" ">
         <subfield code="a">Aponte, Cristina </subfield>
         <subfield code="e">author</subfield>
      </datafield>
      <datafield tag="700" ind1="1" ind2=" ">
         <subfield code="a">Bennett, Lauren T.</subfield>
         <subfield code="e">author</subfield>
      </datafield>
      <datafield tag="773" ind1="0" ind2=" ">
         <subfield code="t">Remote Sensing.</subfield>
         <subfield code="g">2019 Oct. 20, v. 11, no. 20</subfield>
         <subfield code="d">Multidisciplinary Digital Publishing Institute</subfield>
         <subfield code="w">Journal:26717</subfield>
         <subfield code="x">2072-4292</subfield>
         <subfield code="7">nnas</subfield>
      </datafield>
      <datafield tag="787" ind1="1" ind2=" ">
         <subfield code="o">islandora_article_repository</subfield>
      </datafield>
      <datafield tag="787" ind1="1" ind2=" ">
         <subfield code="o">product_pubag</subfield>
      </datafield>
      <datafield tag="787" ind1="1" ind2=" ">
         <subfield code="o">(Journal)26717</subfield>
      </datafield>
      <datafield tag="856" ind1="4" ind2="0">
         <subfield code="u">http://dx.doi.org/10.3390/rs11202433</subfield>
         <subfield code="3">Available from publisher's site</subfield>
      </datafield>
      <datafield tag="912" ind1=" " ind2=" ">
         <subfield code="a">Article</subfield>
      </datafield>
      <datafield tag="914" ind1=" " ind2=" ">
         <subfield code="a">Journal:26717</subfield>
         <subfield code="b">2072-4292</subfield>
         <subfield code="c">11</subfield>
         <subfield code="d">20</subfield>
      </datafield>
      <datafield tag="914" ind1=" " ind2=" ">
         <subfield code="f">Remote Sensing</subfield>
      </datafield>
      <datafield tag="916" ind1=" " ind2=" ">
         <subfield code="a">Batch:2508</subfield>
      </datafield>
      <datafield tag="916" ind1=" " ind2=" ">
         <subfield code="a">Batch:2552</subfield>
      </datafield>
      <datafield tag="916" ind1=" " ind2=" ">
         <subfield code="a">Batch:2556</subfield>
      </datafield>
      <datafield tag="917" ind1=" " ind2=" ">
         <subfield code="a">issued</subfield>
      </datafield>
      <datafield tag="918" ind1="2" ind2=" ">
         <subfield code="a">Multidisciplinary Digital Publishing Institute</subfield>
         <subfield code="e">provider</subfield>
         <subfield code="5">DNAL</subfield>
      </datafield>
      <datafield tag="935" ind1=" " ind2=" ">
         <subfield code="a">IND606745650</subfield>
         <subfield code="9">ExL</subfield>
      </datafield>
      <datafield tag="949" ind1=" " ind2=" ">
         <subfield code="a">2020-09-07</subfield>
      </datafield>
      <datafield tag="953" ind1=" " ind2=" ">
         <subfield code="a">/data/metadata/incoming/mdpinstitute/remotesensing-v11-i20-20191025.xml</subfield>
      </datafield>
      <datafield tag="954" ind1=" " ind2=" ">
         <subfield code="a">file:/data/metadata/staging/mdpinstitute/remotesensing-v11-i20-20191025.xml</subfield>
      </datafield>
      <datafield tag="955" ind1=" " ind2=" ">
         <subfield code="a">/data/metadata/staging/mdpinstitute/</subfield>
      </datafield>
      <datafield tag="962" ind1=" " ind2=" ">
         <subfield code="a">Batch:2556 reviewed on 2020-09-07T04:00:08Z</subfield>
      </datafield>
      <datafield tag="974" ind1=" " ind2=" ">
         <subfield code="a">agid:6745650</subfield>
      </datafield>
      <datafield tag="983" ind1=" " ind2=" ">
         <subfield code="a">2019-10-25</subfield>
      </datafield>
      <datafield tag="984" ind1=" " ind2=" ">
         <subfield code="a">2020-09-07</subfield>
      </datafield>
   </record>