
   <!--Record: 196-->
   <record>
      <leader>04898nab a2200649 u 4500</leader>
      <controlfield tag="001">9915874006507426</controlfield>
      <controlfield tag="005">20221119092406.0</controlfield>
      <controlfield tag="008">150808e20110210xx |||||o|||||||||||eng||</controlfield>
      <datafield tag="016" ind1="7" ind2=" ">
         <subfield code="a">IND44757546</subfield>
         <subfield code="2">DNAL</subfield>
      </datafield>
      <datafield tag="024" ind1="7" ind2=" ">
         <subfield code="a">10.1016/j.ecolmodel.2010.09.020</subfield>
         <subfield code="2">doi</subfield>
      </datafield>
      <datafield tag="035" ind1=" " ind2=" ">
         <subfield code="a">agid:494358-01nal_inst</subfield>
      </datafield>
      <datafield tag="040" ind1=" " ind2=" ">
         <subfield code="a">AGL</subfield>
         <subfield code="b">eng</subfield>
         <subfield code="c">AGL</subfield>
      </datafield>
      <datafield tag="100" ind1="1" ind2=" ">
         <subfield code="a">Calama, Rafael</subfield>
         <subfield code="e">author</subfield>
         <subfield code="u">Dpto. Selvicultura y Gestión Forestal, CIFOR – INIA: Ctra. Coruña km 7.5,
        28040 Madrid, Spain</subfield>
      </datafield>
      <datafield tag="245" ind1="1" ind2="0">
         <subfield code="a">Modelling spatial and temporal variability in a zero-inflated variable: The
        case of stone pine (Pinus pinea L.) cone production</subfield>
      </datafield>
      <datafield tag="300" ind1=" " ind2=" ">
         <subfield code="a">p. 606-618.</subfield>
      </datafield>
      <datafield tag="520" ind1=" " ind2=" ">
         <subfield code="a">Modelling masting habit, i.e. the spatial synchronized annual variability
        in fruit production, is a huge task due to two main circumstances: (1) the identification of
        main ecological factors controlling fruiting processes, and (2) the common departure of
        fruit data series from the main basic statistical assumptions of normality and independence.
        Stone pine (Pinus pinea L.) is one of the main species in the Mediterranean basin that is
        able to grow under hard limiting conditions (sandy soils and extreme continental climate),
        and typically defined as a masting species. Considering the high economical value associated
        with edible nut production, the masting habit of stone pine has been a main concern for the
        forest management of the species. In the present work we have used annual fruit data series
        from 740 stone pine trees measured during a 13 years period (1996–2008) in order: (a) to
        verify our main hypothesis pointing out to the existence of a weather control of the
        fruiting process in limiting environments, rather than resource depletion or endogenous
        inherent cycles; (b) to identify those site factors, stand attributes and climate events
        affecting specific traits involved in fruiting process; and (c) to construct a model for
        predicting spatial and temporal patterns of variability in stone pine cone production at
        different spatial extents as region, stand and tree. Given the nature of the data, the model
        has been formulated as zero-inflated log-normal, incorporating random components to carry
        out with the observed lack of independence. This model attains efficiencies close to 70–80%
        in predicting temporal and spatial variability at regional scale. Though efficiencies are
        reduced according to the spatial extent of the model, it leads to unbiased estimates and
        efficiencies over 35–50% when predicting annual yields at tree or stand scale, respectively.
        In this sense, the proposed model is a main tool for facilitating decision making in some
        management aspects such as the quantification of total amount of cones annually supplied to
        nut industry, design of cone harvest programs or the optimal application of seedling
        felling.</subfield>
      </datafield>
      <datafield tag="592" ind1=" " ind2=" ">
         <subfield code="a">Publisher supplied data</subfield>
      </datafield>
      <datafield tag="593" ind1=" " ind2=" ">
         <subfield code="a">PubAg article</subfield>
      </datafield>
      <datafield tag="650" ind1=" " ind2="3">
         <subfield code="a">Pinus pinea</subfield>
      </datafield>
      <datafield tag="650" ind1=" " ind2="3">
         <subfield code="a">climate</subfield>
      </datafield>
      <datafield tag="650" ind1=" " ind2="3">
         <subfield code="a">decision making</subfield>
      </datafield>
      <datafield tag="650" ind1=" " ind2="3">
         <subfield code="a">felling</subfield>
      </datafield>
      <datafield tag="650" ind1=" " ind2="3">
         <subfield code="a">forest management</subfield>
      </datafield>
      <datafield tag="650" ind1=" " ind2="3">
         <subfield code="a">fruiting</subfield>
      </datafield>
      <datafield tag="650" ind1=" " ind2="3">
         <subfield code="a">industry</subfield>
      </datafield>
      <datafield tag="650" ind1=" " ind2="3">
         <subfield code="a">models</subfield>
      </datafield>
      <datafield tag="650" ind1=" " ind2="3">
         <subfield code="a">prediction</subfield>
      </datafield>
      <datafield tag="650" ind1=" " ind2="3">
         <subfield code="a">sandy soils</subfield>
      </datafield>
      <datafield tag="650" ind1=" " ind2="3">
         <subfield code="a">seedlings</subfield>
      </datafield>
      <datafield tag="650" ind1=" " ind2="3">
         <subfield code="a">temporal variation</subfield>
      </datafield>
      <datafield tag="650" ind1=" " ind2="3">
         <subfield code="a">tree yields</subfield>
      </datafield>
      <datafield tag="650" ind1=" " ind2="3">
         <subfield code="a">trees</subfield>
      </datafield>
      <datafield tag="650" ind1=" " ind2="3">
         <subfield code="a">weather</subfield>
      </datafield>
      <datafield tag="700" ind1="1" ind2=" ">
         <subfield code="a">Mutke, Sven</subfield>
         <subfield code="e">author</subfield>
         <subfield code="u">Dpto. Selvicultura y Gestión Forestal, CIFOR – INIA: Ctra. Coruña km 7.5,
        28040 Madrid, Spain</subfield>
      </datafield>
      <datafield tag="700" ind1="1" ind2=" ">
         <subfield code="a">Tomé, José</subfield>
         <subfield code="e">author</subfield>
         <subfield code="u">Dpto. de Engenharia Florestal, Instituto Superior de Agronomia, Tapada da
        Ajuda, 1349 – 017 Lisboa, Portugal</subfield>
      </datafield>
      <datafield tag="700" ind1="1" ind2=" ">
         <subfield code="a">Gordo, Javier</subfield>
         <subfield code="e">author</subfield>
         <subfield code="u">Servicio Territorial de Medio Ambiente, Junta de Castilla y León, Duque de
        la Victoria, 5, 47071 Valladolid, Spain</subfield>
      </datafield>
      <datafield tag="700" ind1="1" ind2=" ">
         <subfield code="a">Montero, Gregorio</subfield>
         <subfield code="e">author</subfield>
         <subfield code="u">Dpto. Selvicultura y Gestión Forestal, CIFOR – INIA: Ctra. Coruña km 7.5,
        28040 Madrid, Spain</subfield>
      </datafield>
      <datafield tag="700" ind1="1" ind2=" ">
         <subfield code="a">Tomé, Margarida</subfield>
         <subfield code="e">author</subfield>
         <subfield code="u">Dpto. de Engenharia Florestal, Instituto Superior de Agronomia, Tapada da
        Ajuda, 1349 – 017 Lisboa, Portugal</subfield>
      </datafield>
      <datafield tag="773" ind1="0" ind2=" ">
         <subfield code="t">Ecological modelling.</subfield>
         <subfield code="g">2011 Feb. 10, v. 222, no. 3 p.606-618</subfield>
         <subfield code="d">Elsevier B.V.</subfield>
         <subfield code="x">0304-3800</subfield>
         <subfield code="7">nnas</subfield>
      </datafield>
      <datafield tag="787" ind1="1" ind2=" ">
         <subfield code="o">islandora_article_repository</subfield>
      </datafield>
      <datafield tag="787" ind1="1" ind2=" ">
         <subfield code="o">product_pubag</subfield>
      </datafield>
      <datafield tag="787" ind1="1" ind2=" ">
         <subfield code="o">(Journal)jnl6191</subfield>
      </datafield>
      <datafield tag="856" ind1="4" ind2="0">
         <subfield code="u">http://dx.doi.org/10.1016/j.ecolmodel.2010.09.020</subfield>
         <subfield code="3">Available from publisher's site</subfield>
      </datafield>
      <datafield tag="912" ind1=" " ind2=" ">
         <subfield code="a">Article</subfield>
      </datafield>
      <datafield tag="914" ind1=" " ind2=" ">
         <subfield code="a">Journal:jnl6191</subfield>
         <subfield code="b">0304-3800</subfield>
         <subfield code="c">222</subfield>
         <subfield code="d">3</subfield>
         <subfield code="e">606</subfield>
      </datafield>
      <datafield tag="914" ind1=" " ind2=" ">
         <subfield code="f">Ecological modelling</subfield>
      </datafield>
      <datafield tag="917" ind1=" " ind2=" ">
         <subfield code="a">issued</subfield>
      </datafield>
      <datafield tag="918" ind1="2" ind2=" ">
         <subfield code="a">Elsevier B.V.</subfield>
         <subfield code="e">provider</subfield>
         <subfield code="5">DNAL</subfield>
      </datafield>
      <datafield tag="935" ind1=" " ind2=" ">
         <subfield code="a">IND44757546</subfield>
         <subfield code="9">ExL</subfield>
      </datafield>
      <datafield tag="949" ind1=" " ind2=" ">
         <subfield code="a">2014-01-16</subfield>
      </datafield>
      <datafield tag="953" ind1=" " ind2=" ">
         <subfield code="a">NAL264000304380002220003.xml</subfield>
      </datafield>
      <datafield tag="962" ind1=" " ind2=" ">
         <subfield code="a">Batch:412 annotated on 2013-12-19T15:41:02Z</subfield>
      </datafield>
      <datafield tag="962" ind1=" " ind2=" ">
         <subfield code="a">Batch:412 reviewed on 2014-01-16T04:00:03Z</subfield>
      </datafield>
      <datafield tag="962" ind1=" " ind2=" ">
         <subfield code="a">Batch:412 reviewed on 2014-01-16T16:00:03Z</subfield>
      </datafield>
      <datafield tag="974" ind1=" " ind2=" ">
         <subfield code="a">agid:494358</subfield>
      </datafield>
      <datafield tag="983" ind1=" " ind2=" ">
         <subfield code="a">2015-08-08</subfield>
      </datafield>
      <datafield tag="984" ind1=" " ind2=" ">
         <subfield code="a">2015-08-08</subfield>
      </datafield>
   </record>