
   <!--Record: 197-->
   <record>
      <leader>05480nab a2200685 u 4500</leader>
      <controlfield tag="001">9915874235507426</controlfield>
      <controlfield tag="005">20221119093129.0</controlfield>
      <controlfield tag="008">201205e20201201xx |||||o|||||||||||eng||</controlfield>
      <datafield tag="016" ind1="7" ind2=" ">
         <subfield code="a">IND607197434</subfield>
         <subfield code="2">DNAL</subfield>
      </datafield>
      <datafield tag="024" ind1="7" ind2=" ">
         <subfield code="a">10.1080/17538947.2020.1778804</subfield>
         <subfield code="2">doi</subfield>
      </datafield>
      <datafield tag="035" ind1=" " ind2=" ">
         <subfield code="a">agid:7197434-01nal_inst</subfield>
      </datafield>
      <datafield tag="040" ind1=" " ind2=" ">
         <subfield code="a">AGL</subfield>
         <subfield code="b">eng</subfield>
         <subfield code="c">AGL</subfield>
      </datafield>
      <datafield tag="100" ind1="1" ind2=" ">
         <subfield code="a">Xia, Jizhe</subfield>
         <subfield code="e">author</subfield>
         <subfield code="u">Guangdong Key Laboratory for Urban Informatics, Shenzhen Key Laboratory of
        Spatial Smart Sensing and Services, Research Institute for Smart Cities, Department of Urban
        Informatics, School of Architecture and Urban Planning, Shenzhen University, Shenzhen,
        People’s Republic of China</subfield>
      </datafield>
      <datafield tag="245" ind1="1" ind2="0">
         <subfield code="a">DAPR-tree: a distributed spatial data indexing scheme with data access
        patterns to support Digital Earth initiatives</subfield>
      </datafield>
      <datafield tag="300" ind1=" " ind2=" ">
         <subfield code="a">p. 1656-1671.</subfield>
      </datafield>
      <datafield tag="500" ind1=" " ind2=" ">
         <subfield code="a">NAL-AP-2-clean</subfield>
      </datafield>
      <datafield tag="520" ind1=" " ind2=" ">
         <subfield code="a">This paper proposes a novel data indexing scheme, the distributed access
        pattern R-tree (DAPR-tree), for spatial data retrieval in a distributed computing
        environment. As compared to traditional distributed indexing schemes, the DAPR-tree
        introduces the data access patterns during the indexing utilization stage so that a more
        balanced indexing structure can be provided for spatial applications (e.g. Digital Earth
        data warehouse). In this new indexing scheme, (a) an indexing penalty matrix is proposed by
        considering the balance of data number, topology and access load between different indexing
        nodes; (b) an ‘access possibility’ element is integrated to a classic ‘Master-Client’
        structure for a distributed indexing environment; and (c) indexing algorithm for the
        DAPR-tree is provided for index implementations. By using a duplication of official GEOSS
        Clearinghouse system as a case study, the DAPR-tree was evaluated in a number of scenarios.
        The results show that our indexing schemes generally outperform (around 9%) traditional
        distributed indices with the utilization of data access patterns. Finally, we discuss the
        applicability of the DARP-tree and document DARP-tree shortcomings to encourage researchers
        pursuing related topics in Big Data indexing for Digital Earth and other geospatial
        initiatives.</subfield>
      </datafield>
      <datafield tag="536" ind1=" " ind2=" ">
         <subfield code="a">This research was funded by the National Key R&amp;D Program of China
        [grant number 2018YFB2100704], Science, Technology and Innovation Commission of Shenzhen
        Municipality [grant numbers JCYJ20170412142239369, JCYJ20170818101704025] and the National
        Natural Science Foundation of China [grant numbers 41701444, 71961137003,
        41971341].</subfield>
      </datafield>
      <datafield tag="592" ind1=" " ind2=" ">
         <subfield code="a">Publisher supplied data</subfield>
      </datafield>
      <datafield tag="593" ind1=" " ind2=" ">
         <subfield code="a">PubAg article</subfield>
      </datafield>
      <datafield tag="596" ind1=" " ind2=" ">
         <subfield code="a">2018YFB2100704</subfield>
      </datafield>
      <datafield tag="596" ind1=" " ind2=" ">
         <subfield code="a">JCYJ20170412142239369</subfield>
         <subfield code="a">JCYJ20170818101704025</subfield>
      </datafield>
      <datafield tag="596" ind1=" " ind2=" ">
         <subfield code="a">41701444</subfield>
         <subfield code="a">71961137003</subfield>
         <subfield code="a">41971341</subfield>
      </datafield>
      <datafield tag="650" ind1=" " ind2="3">
         <subfield code="a">algorithms</subfield>
      </datafield>
      <datafield tag="650" ind1=" " ind2="3">
         <subfield code="a">case studies</subfield>
      </datafield>
      <datafield tag="650" ind1=" " ind2="3">
         <subfield code="a">databases</subfield>
      </datafield>
      <datafield tag="650" ind1=" " ind2="3">
         <subfield code="a">spatial data</subfield>
      </datafield>
      <datafield tag="650" ind1=" " ind2="3">
         <subfield code="a">topology</subfield>
      </datafield>
      <datafield tag="653" ind1=" " ind2="0">
         <subfield code="a">Big Data</subfield>
      </datafield>
      <datafield tag="653" ind1=" " ind2="0">
         <subfield code="a">cloud computing</subfield>
      </datafield>
      <datafield tag="653" ind1=" " ind2="0">
         <subfield code="a">spatial index</subfield>
      </datafield>
      <datafield tag="653" ind1=" " ind2="0">
         <subfield code="a">spatiotemporal pattern</subfield>
      </datafield>
      <datafield tag="653" ind1=" " ind2="0">
         <subfield code="a">R-tree</subfield>
      </datafield>
      <datafield tag="653" ind1=" " ind2="0">
         <subfield code="a">national spatial data infrastructure</subfield>
      </datafield>
      <datafield tag="653" ind1=" " ind2="0">
         <subfield code="a">database</subfield>
      </datafield>
      <datafield tag="700" ind1="1" ind2=" ">
         <subfield code="a">Huang, Sicheng</subfield>
         <subfield code="e">author</subfield>
         <subfield code="u">College of Civil and Transportation Engineering, Shenzhen University,
        Shenzhen, People’s Republic of China</subfield>
      </datafield>
      <datafield tag="700" ind1="1" ind2=" ">
         <subfield code="a">Zhang, Shaobiao</subfield>
         <subfield code="e">author</subfield>
         <subfield code="u">Shenzhen Urban Public Safety and Technology Institute, Shenzhen, People’s
        Republic of China</subfield>
      </datafield>
      <datafield tag="700" ind1="1" ind2=" ">
         <subfield code="a">Li, Xiaoming</subfield>
         <subfield code="e">author</subfield>
         <subfield code="u">Guangdong Key Laboratory for Urban Informatics, Shenzhen Key Laboratory of
        Spatial Smart Sensing and Services, Research Institute for Smart Cities, Department of Urban
        Informatics, School of Architecture and Urban Planning, Shenzhen University, Shenzhen,
        People’s Republic of China</subfield>
      </datafield>
      <datafield tag="700" ind1="1" ind2=" ">
         <subfield code="a">Lyu, Jianrong</subfield>
         <subfield code="e">author</subfield>
         <subfield code="u">Guangdong Key Laboratory for Urban Informatics, Shenzhen Key Laboratory of
        Spatial Smart Sensing and Services, Research Institute for Smart Cities, Department of Urban
        Informatics, School of Architecture and Urban Planning, Shenzhen University, Shenzhen,
        People’s Republic of China</subfield>
      </datafield>
      <datafield tag="700" ind1="1" ind2=" ">
         <subfield code="a">Xiu, Wenqun</subfield>
         <subfield code="e">author</subfield>
         <subfield code="u">Shenzhen Urban Public Safety and Technology Institute, Shenzhen, People’s
        Republic of China</subfield>
      </datafield>
      <datafield tag="700" ind1="1" ind2=" ">
         <subfield code="a">Tu, Wei</subfield>
         <subfield code="e">author</subfield>
         <subfield code="u">Guangdong Key Laboratory for Urban Informatics, Shenzhen Key Laboratory of
        Spatial Smart Sensing and Services, Research Institute for Smart Cities, Department of Urban
        Informatics, School of Architecture and Urban Planning, Shenzhen University, Shenzhen,
        People’s Republic of China</subfield>
      </datafield>
      <datafield tag="773" ind1="0" ind2=" ">
         <subfield code="t">International journal of digital earth.</subfield>
         <subfield code="g">2020 Dec. 1, v. 13, no. 12 p.1656-1671</subfield>
         <subfield code="d">Taylor &amp; Francis</subfield>
         <subfield code="w">Journal:12290</subfield>
         <subfield code="x">1753-8955</subfield>
         <subfield code="7">nnas</subfield>
      </datafield>
      <datafield tag="787" ind1="1" ind2=" ">
         <subfield code="o">islandora_article_repository</subfield>
      </datafield>
      <datafield tag="787" ind1="1" ind2=" ">
         <subfield code="o">product_pubag</subfield>
      </datafield>
      <datafield tag="787" ind1="1" ind2=" ">
         <subfield code="o">(Journal)12290</subfield>
      </datafield>
      <datafield tag="856" ind1="4" ind2="0">
         <subfield code="u">http://dx.doi.org/10.1080/17538947.2020.1778804</subfield>
         <subfield code="3">Available from publisher's site</subfield>
      </datafield>
      <datafield tag="912" ind1=" " ind2=" ">
         <subfield code="a">Article</subfield>
      </datafield>
      <datafield tag="914" ind1=" " ind2=" ">
         <subfield code="a">Journal:12290</subfield>
         <subfield code="b">1753-8955</subfield>
         <subfield code="c">13</subfield>
         <subfield code="d">12</subfield>
         <subfield code="e">1656</subfield>
      </datafield>
      <datafield tag="914" ind1=" " ind2=" ">
         <subfield code="f">International journal of digital earth</subfield>
      </datafield>
      <datafield tag="916" ind1=" " ind2=" ">
         <subfield code="a">Batch:10149</subfield>
      </datafield>
      <datafield tag="917" ind1=" " ind2=" ">
         <subfield code="a">issued</subfield>
      </datafield>
      <datafield tag="918" ind1="2" ind2=" ">
         <subfield code="a">Taylor &amp; Francis Group</subfield>
         <subfield code="e">provider</subfield>
         <subfield code="5">DNAL</subfield>
      </datafield>
      <datafield tag="935" ind1=" " ind2=" ">
         <subfield code="a">IND607197434</subfield>
         <subfield code="9">ExL</subfield>
      </datafield>
      <datafield tag="949" ind1=" " ind2=" ">
         <subfield code="a">2021-06-18</subfield>
      </datafield>
      <datafield tag="953" ind1=" " ind2=" ">
         <subfield code="a">/data/metadata/incoming/taylorfrancis/tjde20_tjde20.v013.i12_20201205120654#22929095.zip</subfield>
      </datafield>
      <datafield tag="954" ind1=" " ind2=" ">
         <subfield code="a">file:/data/metadata/staging/taylorfrancis/17538947.2020.1778804.xml</subfield>
      </datafield>
      <datafield tag="955" ind1=" " ind2=" ">
         <subfield code="a">/data/metadata/staging/taylorfrancis/</subfield>
      </datafield>
      <datafield tag="974" ind1=" " ind2=" ">
         <subfield code="a">agid:7197434</subfield>
      </datafield>
      <datafield tag="983" ind1=" " ind2=" ">
         <subfield code="a">2020-12-05</subfield>
      </datafield>
      <datafield tag="984" ind1=" " ind2=" ">
         <subfield code="a">2021-06-18</subfield>
      </datafield>
   </record>