
   <!--Record: 204-->
   <record>
      <leader>03658nab a2200469 u 4500</leader>
      <controlfield tag="001">9916026776007426</controlfield>
      <controlfield tag="005">20221120084615.0</controlfield>
      <controlfield tag="008">151103e201003 xx |||||o|||||||||||eng||</controlfield>
      <datafield tag="016" ind1="7" ind2=" ">
         <subfield code="a">IND601254667</subfield>
         <subfield code="2">DNAL</subfield>
      </datafield>
      <datafield tag="024" ind1="7" ind2=" ">
         <subfield code="a">10.1639/0007-2745-113.1.8</subfield>
         <subfield code="2">doi</subfield>
      </datafield>
      <datafield tag="035" ind1=" " ind2=" ">
         <subfield code="a">agid:1254667-01nal_inst</subfield>
      </datafield>
      <datafield tag="040" ind1=" " ind2=" ">
         <subfield code="a">AGL</subfield>
         <subfield code="b">eng</subfield>
         <subfield code="c">AGL</subfield>
      </datafield>
      <datafield tag="100" ind1="1" ind2=" ">
         <subfield code="a">Corrales, Adriana</subfield>
         <subfield code="e">author</subfield>
         <subfield code="u">Maestríía en Bosques y Conservacióón Ambiental, Universidad Nacional de
        Colombia Sede Medellíín, Medellíín, Colombia</subfield>
      </datafield>
      <datafield tag="245" ind1="1" ind2="0">
         <subfield code="a">Abundance and diversity patterns of terrestrial bryophyte species in
        secondary and planted montane forests in the northern portion of the Central Cordillera of
        Colombia</subfield>
      </datafield>
      <datafield tag="300" ind1=" " ind2=" ">
         <subfield code="a">p. 8-21.</subfield>
      </datafield>
      <datafield tag="520" ind1=" " ind2=" ">
         <subfield code="a">Patterns of diversity and distribution of bryophytes were surveyed across
        three different forest types: secondary montane forest and tree plantations of Cupressus
        lusitanica and of Pinus patula, in the Andean Central Cordillera of Colombia. A stratified
        sample design was employed to distribute 40 transects (50 ×× 40 m each) across forest types,
        each one conforming to a minimum of ten randomly selected plots of 1 m². One-Way ANOVA and
        rarefaction curves were employed to analyze species richness. Species richness was weighted
        by the total number of plots surveyed in each transect with a minimum of 10 plots with
        bryophytes present. Detrended Correspondence Analysis (DCA) was used to analyze the patterns
        of distribution of bryophyte species among forest types. Correlation analyses were employed
        to test the influence of environmental and spatial factors for species richness and
        distribution. A total of 151 species were recorded. Weighted species richness was higher in
        secondary montane forests and cypress plantations than in pine plantations. Bryophyte
        abundances differed among forest types, with the highest level recored for the cypress
        plantations. The DCA showed a high floristic similarity among forest types. Soil pH, slope
        and light availability were the principle factors explaining bryophyte distribution, which
        support habitat specialization as the main mechanism addressing species distribution within
        forest types. At a mesoscale level, however, a continuous dispersal of propagules among
        forest types was considered the main mechanism determining the regional pattern of bryophyte
        distribution.</subfield>
      </datafield>
      <datafield tag="592" ind1=" " ind2=" ">
         <subfield code="a">Publisher supplied data</subfield>
      </datafield>
      <datafield tag="653" ind1=" " ind2="0">
         <subfield code="a">Mosses</subfield>
      </datafield>
      <datafield tag="653" ind1=" " ind2="0">
         <subfield code="a">Liverwort</subfield>
      </datafield>
      <datafield tag="653" ind1=" " ind2="0">
         <subfield code="a">Ecology</subfield>
      </datafield>
      <datafield tag="653" ind1=" " ind2="0">
         <subfield code="a">Diversity</subfield>
      </datafield>
      <datafield tag="653" ind1=" " ind2="0">
         <subfield code="a">Forest Types</subfield>
      </datafield>
      <datafield tag="653" ind1=" " ind2="0">
         <subfield code="a">Northern Andes</subfield>
      </datafield>
      <datafield tag="653" ind1=" " ind2="0">
         <subfield code="a">Ordination Analysis</subfield>
      </datafield>
      <datafield tag="700" ind1="1" ind2=" ">
         <subfield code="a">Duque, Alvaro</subfield>
         <subfield code="e">author</subfield>
         <subfield code="u">Departamento de Ciencias Forestales, Universidad Nacional de Colombia sede
        Medellíín. Medellíín, Colombia</subfield>
      </datafield>
      <datafield tag="700" ind1="1" ind2=" ">
         <subfield code="a">Uribe, Jaime</subfield>
         <subfield code="e">author</subfield>
         <subfield code="u">Instituto de Ciencias Naturales, Universidad Nacional de Colombia sede
        Bogotáá. Bogotáá, Colombia</subfield>
      </datafield>
      <datafield tag="700" ind1="1" ind2=" ">
         <subfield code="a">Londoño, Victor</subfield>
         <subfield code="e">author</subfield>
         <subfield code="u">Instituto de Biologíía, Universidad de Antioquia. Medellíín,
        Colombia</subfield>
      </datafield>
      <datafield tag="773" ind1="0" ind2=" ">
         <subfield code="t">Bryologist.</subfield>
         <subfield code="g">2010 Mar., v. 113, no. 1 p.8-21</subfield>
         <subfield code="d">The American Bryological and Lichenological Society, Inc</subfield>
         <subfield code="x">0007-2745</subfield>
         <subfield code="7">nnas</subfield>
      </datafield>
      <datafield tag="787" ind1="1" ind2=" ">
         <subfield code="o">islandora_article_repository</subfield>
      </datafield>
      <datafield tag="787" ind1="1" ind2=" ">
         <subfield code="o">(Journal)jnl46031</subfield>
      </datafield>
      <datafield tag="856" ind1="4" ind2="0">
         <subfield code="u">http://dx.doi.org/10.1639%2F0007-2745-113.1.8</subfield>
         <subfield code="3">Available from publisher's site</subfield>
      </datafield>
      <datafield tag="912" ind1=" " ind2=" ">
         <subfield code="a">Article</subfield>
      </datafield>
      <datafield tag="914" ind1=" " ind2=" ">
         <subfield code="a">Journal:jnl46031</subfield>
         <subfield code="b">0007-2745</subfield>
         <subfield code="c">113</subfield>
         <subfield code="d">1</subfield>
         <subfield code="e">8</subfield>
      </datafield>
      <datafield tag="914" ind1=" " ind2=" ">
         <subfield code="f">Bryologist</subfield>
      </datafield>
      <datafield tag="917" ind1=" " ind2=" ">
         <subfield code="a">hold</subfield>
      </datafield>
      <datafield tag="918" ind1="2" ind2=" ">
         <subfield code="a">BioOne</subfield>
         <subfield code="e">provider</subfield>
         <subfield code="5">DNAL</subfield>
      </datafield>
      <datafield tag="935" ind1=" " ind2=" ">
         <subfield code="a">IND601254667</subfield>
         <subfield code="9">ExL</subfield>
      </datafield>
      <datafield tag="953" ind1=" " ind2=" ">
         <subfield code="a">BRYOv113i1-04281723-170329.zip</subfield>
      </datafield>
      <datafield tag="962" ind1=" " ind2=" ">
         <subfield code="a">Journal title changed from 'The Bryologist'</subfield>
      </datafield>
      <datafield tag="974" ind1=" " ind2=" ">
         <subfield code="a">agid:1254667</subfield>
      </datafield>
      <datafield tag="983" ind1=" " ind2=" ">
         <subfield code="a">2015-11-03</subfield>
      </datafield>
      <datafield tag="984" ind1=" " ind2=" ">
         <subfield code="a">2015-11-03</subfield>
      </datafield>
   </record>