
   <!--Record: 205-->
   <record>
      <leader>02916nab a2200433 u 4500</leader>
      <controlfield tag="001">9916026779707426</controlfield>
      <controlfield tag="005">20221120095110.0</controlfield>
      <controlfield tag="008">151103e201003 xx |||||o|||||||||||eng||</controlfield>
      <datafield tag="016" ind1="7" ind2=" ">
         <subfield code="a">IND601254668</subfield>
         <subfield code="2">DNAL</subfield>
      </datafield>
      <datafield tag="024" ind1="7" ind2=" ">
         <subfield code="a">10.1639/0007-2745-113.1.81</subfield>
         <subfield code="2">doi</subfield>
      </datafield>
      <datafield tag="035" ind1=" " ind2=" ">
         <subfield code="a">agid:1254668-01nal_inst</subfield>
      </datafield>
      <datafield tag="040" ind1=" " ind2=" ">
         <subfield code="a">AGL</subfield>
         <subfield code="b">eng</subfield>
         <subfield code="c">AGL</subfield>
      </datafield>
      <datafield tag="100" ind1="1" ind2=" ">
         <subfield code="a">Groen, Kristen E.</subfield>
         <subfield code="e">author</subfield>
         <subfield code="u">Department of Biology and Center for Ecology, Evolution and Behavior,
        University of Kentucky, Lexington, KY 40502-0225, U.S.A</subfield>
      </datafield>
      <datafield tag="245" ind1="1" ind2="0">
         <subfield code="a">Sex-specific plant responses to two light levels in the liverwort
        Marchantia inflexa (Marchantiaceae)</subfield>
      </datafield>
      <datafield tag="300" ind1=" " ind2=" ">
         <subfield code="a">p. 81-89.</subfield>
      </datafield>
      <datafield tag="520" ind1=" " ind2=" ">
         <subfield code="a">In seed plants, the occurrence of spatial segregation of the sexes (SSS)
        along environmental gradients is well documented. SSS in bryophytes is usually more extreme
        than in seed plants, yet few bryophyte studies have explicitly linked SSS to environmental
        variables. For Marchantia inflexa, in which males are found beneath more tree-canopy
        openness than are females, we tested whether morphological, physiological and life history
        patterns are consistent with this sex-specific association to canopy openness. To accomplish
        this, we quantified morphology, physiology and life history differences between two light
        conditions for each sex. Responses to light levels were mostly analogous to sun and shade
        leaves of seed plants. However, we found that males had lower chlorophyll a∶∶b ratios
        (indicative of low-light plants) than females, contrary to our prediction.</subfield>
      </datafield>
      <datafield tag="592" ind1=" " ind2=" ">
         <subfield code="a">Publisher supplied data</subfield>
      </datafield>
      <datafield tag="653" ind1=" " ind2="0">
         <subfield code="a">Sex-specific responses</subfield>
      </datafield>
      <datafield tag="653" ind1=" " ind2="0">
         <subfield code="a">sun and shade characteristics</subfield>
      </datafield>
      <datafield tag="653" ind1=" " ind2="0">
         <subfield code="a">Trinidad and Tobago</subfield>
      </datafield>
      <datafield tag="653" ind1=" " ind2="0">
         <subfield code="a">Marchantia inflexa</subfield>
      </datafield>
      <datafield tag="700" ind1="1" ind2=" ">
         <subfield code="a">Stieha, Christopher R.</subfield>
         <subfield code="e">author</subfield>
         <subfield code="u">Department of Biology and Center for Ecology, Evolution and Behavior,
        University of Kentucky, Lexington, KY 40502-0225, U.S.A</subfield>
      </datafield>
      <datafield tag="700" ind1="1" ind2=" ">
         <subfield code="a">Crowley, Philip H.</subfield>
         <subfield code="e">author</subfield>
         <subfield code="u">Department of Biology and Center for Ecology, Evolution and Behavior,
        University of Kentucky, Lexington, KY 40502-0225, U.S.A</subfield>
      </datafield>
      <datafield tag="700" ind1="1" ind2=" ">
         <subfield code="a">McLetchie, D. Nicholas</subfield>
         <subfield code="e">author</subfield>
         <subfield code="u">Department of Biology and Center for Ecology, Evolution and Behavior,
        University of Kentucky, Lexington, KY 40502-0225, U.S.A</subfield>
      </datafield>
      <datafield tag="773" ind1="0" ind2=" ">
         <subfield code="t">Bryologist.</subfield>
         <subfield code="g">2010 Mar., v. 113, no. 1 p.81-89</subfield>
         <subfield code="d">The American Bryological and Lichenological Society, Inc</subfield>
         <subfield code="x">0007-2745</subfield>
         <subfield code="7">nnas</subfield>
      </datafield>
      <datafield tag="787" ind1="1" ind2=" ">
         <subfield code="o">islandora_article_repository</subfield>
      </datafield>
      <datafield tag="787" ind1="1" ind2=" ">
         <subfield code="o">(Journal)jnl46031</subfield>
      </datafield>
      <datafield tag="856" ind1="4" ind2="0">
         <subfield code="u">http://dx.doi.org/10.1639%2F0007-2745-113.1.81</subfield>
         <subfield code="3">Available from publisher's site</subfield>
      </datafield>
      <datafield tag="912" ind1=" " ind2=" ">
         <subfield code="a">Article</subfield>
      </datafield>
      <datafield tag="914" ind1=" " ind2=" ">
         <subfield code="a">Journal:jnl46031</subfield>
         <subfield code="b">0007-2745</subfield>
         <subfield code="c">113</subfield>
         <subfield code="d">1</subfield>
         <subfield code="e">81</subfield>
      </datafield>
      <datafield tag="914" ind1=" " ind2=" ">
         <subfield code="f">Bryologist</subfield>
      </datafield>
      <datafield tag="917" ind1=" " ind2=" ">
         <subfield code="a">hold</subfield>
      </datafield>
      <datafield tag="918" ind1="2" ind2=" ">
         <subfield code="a">BioOne</subfield>
         <subfield code="e">provider</subfield>
         <subfield code="5">DNAL</subfield>
      </datafield>
      <datafield tag="935" ind1=" " ind2=" ">
         <subfield code="a">IND601254668</subfield>
         <subfield code="9">ExL</subfield>
      </datafield>
      <datafield tag="953" ind1=" " ind2=" ">
         <subfield code="a">BRYOv113i1-04281723-170329.zip</subfield>
      </datafield>
      <datafield tag="962" ind1=" " ind2=" ">
         <subfield code="a">Journal title changed from 'The Bryologist'</subfield>
      </datafield>
      <datafield tag="974" ind1=" " ind2=" ">
         <subfield code="a">agid:1254668</subfield>
      </datafield>
      <datafield tag="983" ind1=" " ind2=" ">
         <subfield code="a">2015-11-03</subfield>
      </datafield>
      <datafield tag="984" ind1=" " ind2=" ">
         <subfield code="a">2015-11-03</subfield>
      </datafield>
   </record>