
   <!--Record: 207-->
   <record>
      <leader>03860nab a2200565 u 4500</leader>
      <controlfield tag="001">9916026925807426</controlfield>
      <controlfield tag="005">20221121002725.0</controlfield>
      <controlfield tag="008">180619e201801 xx |||||o|||||||||||eng||</controlfield>
      <datafield tag="016" ind1="7" ind2=" ">
         <subfield code="a">IND605883472</subfield>
         <subfield code="2">DNAL</subfield>
      </datafield>
      <datafield tag="024" ind1="7" ind2=" ">
         <subfield code="a">10.1111/btp.12502</subfield>
         <subfield code="2">doi</subfield>
      </datafield>
      <datafield tag="035" ind1=" " ind2=" ">
         <subfield code="a">agid:5883472-01nal_inst</subfield>
      </datafield>
      <datafield tag="040" ind1=" " ind2=" ">
         <subfield code="a">AGL</subfield>
         <subfield code="b">eng</subfield>
         <subfield code="c">AGL</subfield>
      </datafield>
      <datafield tag="100" ind1="1" ind2=" ">
         <subfield code="a">Hamilton, Debra</subfield>
         <subfield code="e">author</subfield>
         <subfield code="u">Monteverde Institute, Apdo 69‐5655, Monteverde, Puntarenas, Costa
        Rica</subfield>
      </datafield>
      <datafield tag="245" ind1="1" ind2="0">
         <subfield code="a">Resource tracking and its conservation implications for an obligate
        frugivore (Procnias tricarunculatus, the three‐wattled bellbird)</subfield>
      </datafield>
      <datafield tag="300" ind1=" " ind2=" ">
         <subfield code="a">p. 146-156.</subfield>
      </datafield>
      <datafield tag="500" ind1=" " ind2=" ">
         <subfield code="a">JOURNAL ARTICLE</subfield>
      </datafield>
      <datafield tag="520" ind1=" " ind2=" ">
         <subfield code="a">In Monteverde, Costa Rica, the vulnerable Three‐wattled Bellbird (Procnias
        tricarunculatus) feeds primarily upon the fruit of Lauraceae species during its reproductive
        and post‐reproductive seasons. To understand and advance appropriate conservation measures,
        this study identified the bellbird's foraging challenges in its search for a temporally and
        spatially fluctuating resource. Although there are at least 96 species of Lauraceae found in
        the five life zones of Monteverde, the distinct distributions of tree species both among and
        within life zones require the bellbirds to track seasonal fruiting across the various zones.
        In this 6‐year study, we monitored the fruiting of tree species and bellbird abundance in 24
        study plots within its post‐reproductive life zone, the Premontane Wet forest, to identify
        preferred bellbird food resources and how the fruiting of these species drives the spatial
        distribution of the bellbird. Our research revealed phenological patterns of annual,
        biennial, and triennial fruiting with high levels of fruiting synchrony within several
        identified key fruit species. Of critical conservation importance is that no single species
        of Lauraceae produced a consistent food supply for bellbirds each year. Therefore, even
        within life zones, the bellbird's survival depends on its mobility to search for and obtain
        fruit, as well as the availability of fruits of multiple tree species. The conservation
        implications include focused attention on multiple core areas within given life zones,
        protection of existing forest and remnant trees, and forest restoration with plantings of
        multiple tree species. We suspect that other tropical frugivorous species face similar
        conservation challenges.</subfield>
      </datafield>
      <datafield tag="592" ind1=" " ind2=" ">
         <subfield code="a">Publisher supplied data</subfield>
      </datafield>
      <datafield tag="593" ind1=" " ind2=" ">
         <subfield code="a">PubAg article</subfield>
      </datafield>
      <datafield tag="650" ind1=" " ind2="3">
         <subfield code="a">Lauraceae</subfield>
      </datafield>
      <datafield tag="650" ind1=" " ind2="3">
         <subfield code="a">food availability</subfield>
      </datafield>
      <datafield tag="650" ind1=" " ind2="3">
         <subfield code="a">foraging</subfield>
      </datafield>
      <datafield tag="650" ind1=" " ind2="3">
         <subfield code="a">forest restoration</subfield>
      </datafield>
      <datafield tag="650" ind1=" " ind2="3">
         <subfield code="a">forests</subfield>
      </datafield>
      <datafield tag="650" ind1=" " ind2="3">
         <subfield code="a">frugivores</subfield>
      </datafield>
      <datafield tag="650" ind1=" " ind2="3">
         <subfield code="a">fruiting</subfield>
      </datafield>
      <datafield tag="650" ind1=" " ind2="3">
         <subfield code="a">phenology</subfield>
      </datafield>
      <datafield tag="650" ind1=" " ind2="3">
         <subfield code="a">trees</subfield>
      </datafield>
      <datafield tag="651" ind1=" " ind2="3">
         <subfield code="a">Costa Rica</subfield>
      </datafield>
      <datafield tag="700" ind1="1" ind2=" ">
         <subfield code="a">Singleton, Rhine</subfield>
         <subfield code="e">author</subfield>
         <subfield code="u">Franklin Pierce University, 40 University Drive, Rindge, NH, 03461,
        USA</subfield>
         <subfield code="1">http://orcid.org/0000-0002-6544-9146</subfield>
      </datafield>
      <datafield tag="700" ind1="1" ind2=" ">
         <subfield code="a">Joslin, John D.</subfield>
         <subfield code="e">author</subfield>
         <subfield code="u">Monteverde Institute, Apdo 69‐5655, Monteverde, Puntarenas, Costa
        Rica</subfield>
      </datafield>
      <datafield tag="773" ind1="0" ind2=" ">
         <subfield code="t">Biotropica.</subfield>
         <subfield code="g">2018 Jan., v. 50, no. 1 p.146-156</subfield>
         <subfield code="d">John Wiley &amp; Sons, Ltd</subfield>
         <subfield code="w">Journal:jnl45461</subfield>
         <subfield code="x">0006-3606</subfield>
         <subfield code="7">nnas</subfield>
      </datafield>
      <datafield tag="787" ind1="1" ind2=" ">
         <subfield code="o">islandora_article_repository</subfield>
      </datafield>
      <datafield tag="787" ind1="1" ind2=" ">
         <subfield code="o">product_pubag</subfield>
      </datafield>
      <datafield tag="787" ind1="1" ind2=" ">
         <subfield code="o">(Journal)jnl45461</subfield>
      </datafield>
      <datafield tag="856" ind1="4" ind2="0">
         <subfield code="u">https://dx.doi.org/10.1111/btp.12502</subfield>
         <subfield code="3">Available from publisher's site</subfield>
      </datafield>
      <datafield tag="912" ind1=" " ind2=" ">
         <subfield code="a">Article</subfield>
      </datafield>
      <datafield tag="914" ind1=" " ind2=" ">
         <subfield code="a">Journal:jnl45461</subfield>
         <subfield code="b">0006-3606</subfield>
         <subfield code="c">50</subfield>
         <subfield code="d">1</subfield>
         <subfield code="e">146</subfield>
      </datafield>
      <datafield tag="914" ind1=" " ind2=" ">
         <subfield code="f">Biotropica</subfield>
      </datafield>
      <datafield tag="916" ind1=" " ind2=" ">
         <subfield code="a">Batch:1909</subfield>
      </datafield>
      <datafield tag="917" ind1=" " ind2=" ">
         <subfield code="a">issued</subfield>
      </datafield>
      <datafield tag="918" ind1="2" ind2=" ">
         <subfield code="a">John Wiley &amp; Sons, Inc</subfield>
         <subfield code="e">provider</subfield>
         <subfield code="5">DNAL</subfield>
      </datafield>
      <datafield tag="935" ind1=" " ind2=" ">
         <subfield code="a">IND605883472</subfield>
         <subfield code="9">ExL</subfield>
      </datafield>
      <datafield tag="949" ind1=" " ind2=" ">
         <subfield code="a">2018-06-19</subfield>
      </datafield>
      <datafield tag="953" ind1=" " ind2=" ">
         <subfield code="a">/data/metadata/incoming/wiley/00063606_2018_50_1.xml</subfield>
      </datafield>
      <datafield tag="954" ind1=" " ind2=" ">
         <subfield code="a">file:/data/metadata/staging/wiley/00063606_2018_50_1.xml</subfield>
      </datafield>
      <datafield tag="955" ind1=" " ind2=" ">
         <subfield code="a">/data/metadata/staging/wiley/</subfield>
      </datafield>
      <datafield tag="974" ind1=" " ind2=" ">
         <subfield code="a">agid:5883472</subfield>
      </datafield>
      <datafield tag="983" ind1=" " ind2=" ">
         <subfield code="a">2018-06-19</subfield>
      </datafield>
      <datafield tag="984" ind1=" " ind2=" ">
         <subfield code="a">2018-06-19</subfield>
      </datafield>
   </record>