
   <!--Record: 209-->
   <record>
      <leader>04314nab a2200649 u 4500</leader>
      <controlfield tag="001">9916026994707426</controlfield>
      <controlfield tag="005">20221121140011.0</controlfield>
      <controlfield tag="008">141101e201312 xx |||||o|||||||||||eng||</controlfield>
      <datafield tag="016" ind1="7" ind2=" ">
         <subfield code="a">IND600847263</subfield>
         <subfield code="2">DNAL</subfield>
      </datafield>
      <datafield tag="024" ind1="7" ind2=" ">
         <subfield code="a">10.1016/j.isprsjprs.2013.09.009</subfield>
         <subfield code="2">doi</subfield>
      </datafield>
      <datafield tag="035" ind1=" " ind2=" ">
         <subfield code="a">agid:847263-01nal_inst</subfield>
      </datafield>
      <datafield tag="040" ind1=" " ind2=" ">
         <subfield code="a">AGL</subfield>
         <subfield code="b">eng</subfield>
         <subfield code="c">AGL</subfield>
      </datafield>
      <datafield tag="100" ind1="1" ind2=" ">
         <subfield code="a">Xian, George</subfield>
         <subfield code="e">author</subfield>
         <subfield code="u">ASRC/U.S. Geological Survey (USGS) Earth Resources Observation and Science
        Center, Sioux Falls, SD 57198, USA. Electronic address: xian@usgs.gov</subfield>
      </datafield>
      <datafield tag="245" ind1="1" ind2="3">
         <subfield code="a">An approach for characterizing the distribution of shrubland ecosystem
        components as continuous fields as part of NLCD</subfield>
      </datafield>
      <datafield tag="300" ind1=" " ind2=" ">
         <subfield code="a">p. 136-149.</subfield>
      </datafield>
      <datafield tag="520" ind1=" " ind2=" ">
         <subfield code="a">Characterizing and quantifying distributions of shrubland ecosystem
        components is one of the major challenges for monitoring shrubland vegetation cover change
        across the United States. A new approach has been developed to quantify shrubland components
        as fractional products within National Land Cover Database (NLCD). This approach uses remote
        sensing data and regression tree models to estimate the fractional cover of shrubland
        ecosystem components. The approach consists of three major steps: field data collection,
        high resolution estimates of shrubland ecosystem components using WorldView-2 imagery, and
        coarse resolution estimates of these components across larger areas using Landsat imagery.
        This research seeks to explore this method to quantify shrubland ecosystem components as
        continuous fields in regions that contain wide-ranging shrubland ecosystems. Fractional
        cover of four shrubland ecosystem components, including bare ground, herbaceous, litter, and
        shrub, as well as shrub heights, were delineated in three ecological regions in Arizona,
        Florida, and Texas. Results show that estimates for most components have relatively small
        normalized root mean square errors and significant correlations with validation data in both
        Arizona and Texas. The distribution patterns of shrub height also show relatively high
        accuracies in these two areas. The fractional cover estimates of shrubland components,
        except for litter, are not well represented in the Florida site. The research results
        suggest that this method provides good potential to effectively characterize shrubland
        ecosystem conditions over perennial shrubland although it is less effective in transitional
        shrubland. The fractional cover of shrub components as continuous elements could offer
        valuable information to quantify biomass and help improve thematic land cover classification
        in arid and semiarid areas.</subfield>
      </datafield>
      <datafield tag="592" ind1=" " ind2=" ">
         <subfield code="a">Publisher supplied data</subfield>
      </datafield>
      <datafield tag="593" ind1=" " ind2=" ">
         <subfield code="a">PubAg article</subfield>
      </datafield>
      <datafield tag="650" ind1=" " ind2="3">
         <subfield code="a">Landsat</subfield>
      </datafield>
      <datafield tag="650" ind1=" " ind2="3">
         <subfield code="a">biomass</subfield>
      </datafield>
      <datafield tag="650" ind1=" " ind2="3">
         <subfield code="a">data collection</subfield>
      </datafield>
      <datafield tag="650" ind1=" " ind2="3">
         <subfield code="a">databases</subfield>
      </datafield>
      <datafield tag="650" ind1=" " ind2="3">
         <subfield code="a">ecoregions</subfield>
      </datafield>
      <datafield tag="650" ind1=" " ind2="3">
         <subfield code="a">ecosystems</subfield>
      </datafield>
      <datafield tag="650" ind1=" " ind2="3">
         <subfield code="a">land cover</subfield>
      </datafield>
      <datafield tag="650" ind1=" " ind2="3">
         <subfield code="a">models</subfield>
      </datafield>
      <datafield tag="650" ind1=" " ind2="3">
         <subfield code="a">monitoring</subfield>
      </datafield>
      <datafield tag="650" ind1=" " ind2="3">
         <subfield code="a">regression analysis</subfield>
      </datafield>
      <datafield tag="650" ind1=" " ind2="3">
         <subfield code="a">semiarid zones</subfield>
      </datafield>
      <datafield tag="650" ind1=" " ind2="3">
         <subfield code="a">shrublands</subfield>
      </datafield>
      <datafield tag="650" ind1=" " ind2="3">
         <subfield code="a">shrubs</subfield>
      </datafield>
      <datafield tag="650" ind1=" " ind2="3">
         <subfield code="a">spatial data</subfield>
      </datafield>
      <datafield tag="650" ind1=" " ind2="3">
         <subfield code="a">vegetation cover</subfield>
      </datafield>
      <datafield tag="651" ind1=" " ind2="3">
         <subfield code="a">Arizona</subfield>
      </datafield>
      <datafield tag="651" ind1=" " ind2="3">
         <subfield code="a">Florida</subfield>
      </datafield>
      <datafield tag="651" ind1=" " ind2="3">
         <subfield code="a">Texas</subfield>
      </datafield>
      <datafield tag="700" ind1="1" ind2=" ">
         <subfield code="a">Homer, Collin</subfield>
         <subfield code="e">author</subfield>
         <subfield code="u">U.S. Geological Survey (USGS) Earth Resources Observation and Science
        Center, Sioux Falls, SD 57198, USA</subfield>
      </datafield>
      <datafield tag="700" ind1="1" ind2=" ">
         <subfield code="a">Meyer, Debbie</subfield>
         <subfield code="e">author</subfield>
         <subfield code="u">SGT/USGS Earth Resources Observation and Science Center, Sioux Falls, SD
        57198, USA</subfield>
      </datafield>
      <datafield tag="700" ind1="1" ind2=" ">
         <subfield code="a">Granneman, Brian</subfield>
         <subfield code="e">author</subfield>
         <subfield code="u">SGT/USGS Earth Resources Observation and Science Center, Sioux Falls, SD
        57198, USA</subfield>
      </datafield>
      <datafield tag="773" ind1="0" ind2=" ">
         <subfield code="t">ISPRS journal of photogrammetry and remote sensing.</subfield>
         <subfield code="g">2013 Dec., v. 86 p.136-149</subfield>
         <subfield code="d">Elsevier B.V.</subfield>
         <subfield code="x">0924-2716</subfield>
         <subfield code="7">nnas</subfield>
      </datafield>
      <datafield tag="787" ind1="1" ind2=" ">
         <subfield code="o">islandora_article_repository</subfield>
      </datafield>
      <datafield tag="787" ind1="1" ind2=" ">
         <subfield code="o">product_pubag</subfield>
      </datafield>
      <datafield tag="787" ind1="1" ind2=" ">
         <subfield code="o">(Journal)12409</subfield>
      </datafield>
      <datafield tag="856" ind1="4" ind2="0">
         <subfield code="u">http://dx.doi.org/10.1016/j.isprsjprs.2013.09.009</subfield>
         <subfield code="3">Available from publisher's site</subfield>
      </datafield>
      <datafield tag="912" ind1=" " ind2=" ">
         <subfield code="a">Article</subfield>
      </datafield>
      <datafield tag="914" ind1=" " ind2=" ">
         <subfield code="a">Journal:12409</subfield>
         <subfield code="b">0924-2716</subfield>
         <subfield code="c">86</subfield>
         <subfield code="e">136</subfield>
      </datafield>
      <datafield tag="914" ind1=" " ind2=" ">
         <subfield code="f">ISPRS journal of photogrammetry and remote sensing</subfield>
      </datafield>
      <datafield tag="916" ind1=" " ind2=" ">
         <subfield code="a">Batch:1219</subfield>
      </datafield>
      <datafield tag="917" ind1=" " ind2=" ">
         <subfield code="a">issued</subfield>
      </datafield>
      <datafield tag="918" ind1="2" ind2=" ">
         <subfield code="a">Elsevier B.V.</subfield>
         <subfield code="e">provider</subfield>
         <subfield code="5">DNAL</subfield>
      </datafield>
      <datafield tag="935" ind1=" " ind2=" ">
         <subfield code="a">IND600847263</subfield>
         <subfield code="9">ExL</subfield>
      </datafield>
      <datafield tag="949" ind1=" " ind2=" ">
         <subfield code="a">2016-02-29</subfield>
      </datafield>
      <datafield tag="953" ind1=" " ind2=" ">
         <subfield code="a">NAL19750092427160086000C.xml</subfield>
      </datafield>
      <datafield tag="962" ind1=" " ind2=" ">
         <subfield code="a">Batch:1219 reviewed on 2016-02-29T15:00:02Z</subfield>
      </datafield>
      <datafield tag="974" ind1=" " ind2=" ">
         <subfield code="a">agid:847263</subfield>
      </datafield>
      <datafield tag="983" ind1=" " ind2=" ">
         <subfield code="a">2014-11-01</subfield>
      </datafield>
      <datafield tag="984" ind1=" " ind2=" ">
         <subfield code="a">2016-02-29</subfield>
      </datafield>
   </record>