
   <!--Record: 214-->
   <record>
      <leader>03551nab a2200541 u 4500</leader>
      <controlfield tag="001">9916028971007426</controlfield>
      <controlfield tag="005">20221121053151.0</controlfield>
      <controlfield tag="008">930125e199209 xx |||||o|||||||||||eng||</controlfield>
      <datafield tag="016" ind1="7" ind2=" ">
         <subfield code="a">IND93004667</subfield>
         <subfield code="2">DNAL</subfield>
      </datafield>
      <datafield tag="035" ind1=" " ind2=" ">
         <subfield code="a">agid:1636607-01nal_inst</subfield>
      </datafield>
      <datafield tag="040" ind1=" " ind2=" ">
         <subfield code="a">AGL</subfield>
         <subfield code="b">eng</subfield>
         <subfield code="c">AGL</subfield>
      </datafield>
      <datafield tag="100" ind1="1" ind2=" ">
         <subfield code="a">Eguiarte, L.E.</subfield>
      </datafield>
      <datafield tag="245" ind1="1" ind2="0">
         <subfield code="a">Genetic structure, outcrossing rate and heterosis in Astrocaryum mexicanum
        (tropical palm): implications for evolution and conservation</subfield>
      </datafield>
      <datafield tag="300" ind1=" " ind2=" ">
         <subfield code="a">p. 217-228.</subfield>
      </datafield>
      <datafield tag="500" ind1=" " ind2=" ">
         <subfield code="a">2019-12-04</subfield>
      </datafield>
      <datafield tag="520" ind1=" " ind2=" ">
         <subfield code="a">The population genetics of the understory tropical rain forest palm
        Astrocaryum mexicanum were studied in Los Tuxtlas, Veracruz, Mexico, using enzyme
        electrophoresis. The percentage of polymorphic loci was 31.8 and the mean expected
        heterozygosity was 0.153. Segregation patterns for five polymorphic loci met Mendelian
        expectations. Outcrossing rates were estimated using single and multilocus methods, and in
        most cases were not statistically different from 1.0. An excess of heterozygotes, both for
        seeds and adults, was found, as shown by the fixation indices estimated in 1987 (mean F for
        adults = -0.41, mean F for seeds = -0.19). Low but significant levels of genetic
        differentiation were found, especially for adults (mean F(st) for adults = 0.040, mean F(st)
        for seeds = 0.009). There was a positive relationship for adults between trunk growth and an
        individual's heterozygosity. No significant correlation was found between heterozygosity and
        fecundity. The genetic structure of A. mexicanum appears to be the result of a balance
        between cross-pollination and long distance movement of pollen by pollinators (beetles) that
        reduce genetic differentiation among plots, and natural selection that could operate during
        the long life cycle of this palm, and may increase the genetic differentiation among sites
        and the proportion of heterozygotes. The relatively high level of genetic variation, low
        genetic spatial differentiation, excess of heterozygotes, high outcrossing rate and
        heterosis found in A. mexicanum seem to be common in tropical trees. These population
        genetics characteristics appear not to satisfy the conditions necessary for non-adaptive
        evolution, a hypothesis commonly invoked to explain high tropical tree diversity. Management
        and conservation strategies aimed at preserving tropical tree's high intrapopulation genetic
        variation will probably require the maintenance of large tree populations.</subfield>
      </datafield>
      <datafield tag="650" ind1=" " ind2="3">
         <subfield code="a">heterosis</subfield>
      </datafield>
      <datafield tag="650" ind1=" " ind2="3">
         <subfield code="a">tropical rain forests</subfield>
      </datafield>
      <datafield tag="650" ind1=" " ind2="3">
         <subfield code="a">loci</subfield>
      </datafield>
      <datafield tag="650" ind1=" " ind2="3">
         <subfield code="a">outcrossing</subfield>
      </datafield>
      <datafield tag="650" ind1=" " ind2="3">
         <subfield code="a">allozymes</subfield>
      </datafield>
      <datafield tag="650" ind1=" " ind2="3">
         <subfield code="a">heterozygosity</subfield>
      </datafield>
      <datafield tag="650" ind1=" " ind2="3">
         <subfield code="a">natural selection</subfield>
      </datafield>
      <datafield tag="650" ind1=" " ind2="3">
         <subfield code="a">Astrocaryum mexicanum</subfield>
      </datafield>
      <datafield tag="650" ind1=" " ind2="3">
         <subfield code="a">genetic polymorphism</subfield>
      </datafield>
      <datafield tag="650" ind1=" " ind2="3">
         <subfield code="a">cross pollination</subfield>
      </datafield>
      <datafield tag="651" ind1=" " ind2="3">
         <subfield code="a">Mexico</subfield>
      </datafield>
      <datafield tag="653" ind1=" " ind2="0">
         <subfield code="a">polymorphic loci</subfield>
      </datafield>
      <datafield tag="653" ind1=" " ind2="0">
         <subfield code="a">long distance pollen dispersal</subfield>
      </datafield>
      <datafield tag="653" ind1=" " ind2="0">
         <subfield code="a">population genetics</subfield>
      </datafield>
      <datafield tag="700" ind1="1" ind2=" ">
         <subfield code="a">Perez-Nasser, N.</subfield>
      </datafield>
      <datafield tag="700" ind1="1" ind2=" ">
         <subfield code="a">Pinero, D.</subfield>
      </datafield>
      <datafield tag="773" ind1="0" ind2=" ">
         <subfield code="t">Heredity.</subfield>
         <subfield code="g">1992 Sept., v. 69, no. pt.3 p.217-228</subfield>
         <subfield code="x">0018-067X</subfield>
         <subfield code="7">nnas</subfield>
      </datafield>
      <datafield tag="787" ind1="1" ind2=" ">
         <subfield code="o">islandora_article_repository</subfield>
      </datafield>
      <datafield tag="787" ind1="1" ind2=" ">
         <subfield code="o">(Journal)1939</subfield>
      </datafield>
      <datafield tag="852" ind1=" " ind2=" ">
         <subfield code="a">DNAL</subfield>
      </datafield>
      <datafield tag="912" ind1=" " ind2=" ">
         <subfield code="a">Article</subfield>
      </datafield>
      <datafield tag="914" ind1=" " ind2=" ">
         <subfield code="a">Journal:1939</subfield>
      </datafield>
      <datafield tag="914" ind1=" " ind2=" ">
         <subfield code="f">Heredity</subfield>
      </datafield>
      <datafield tag="917" ind1=" " ind2=" ">
         <subfield code="a">issued</subfield>
      </datafield>
      <datafield tag="935" ind1=" " ind2=" ">
         <subfield code="a">IND93004667</subfield>
         <subfield code="9">ExL</subfield>
      </datafield>
      <datafield tag="939" ind1=" " ind2=" ">
         <subfield code="a">00000000</subfield>
         <subfield code="b">19931102</subfield>
         <subfield code="c">00000000</subfield>
      </datafield>
      <datafield tag="946" ind1=" " ind2=" ">
         <subfield code="a">Non-US</subfield>
      </datafield>
      <datafield tag="952" ind1=" " ind2=" ">
         <subfield code="a">00000000 19931102 00000000</subfield>
      </datafield>
      <datafield tag="974" ind1=" " ind2=" ">
         <subfield code="a">agid:1636607</subfield>
      </datafield>
      <datafield tag="984" ind1=" " ind2=" ">
         <subfield code="a">2014-12-25</subfield>
      </datafield>
      <datafield tag="985" ind1=" " ind2=" ">
         <subfield code="a">Converted from MARCXML to MODS version 3.4 using MARC21slim2MODS3-4.xsl
        (Revision 1.95 2014/04/23)</subfield>
      </datafield>
      <datafield tag="986" ind1=" " ind2=" ">
         <subfield code="a">2945220</subfield>
      </datafield>
   </record>