
   <!--Record: 218-->
   <record>
      <leader>03774nab a2200637 u 4500</leader>
      <controlfield tag="001">9916030191607426</controlfield>
      <controlfield tag="005">20221121024216.0</controlfield>
      <controlfield tag="008">190727e201401 xx |||||o|||||||||||eng||</controlfield>
      <datafield tag="016" ind1="7" ind2=" ">
         <subfield code="a">IND606549583</subfield>
         <subfield code="2">DNAL</subfield>
      </datafield>
      <datafield tag="024" ind1="7" ind2=" ">
         <subfield code="a">10.1017/S0024282913000753</subfield>
         <subfield code="2">doi</subfield>
      </datafield>
      <datafield tag="035" ind1=" " ind2=" ">
         <subfield code="a">agid:6549583-01nal_inst</subfield>
      </datafield>
      <datafield tag="040" ind1=" " ind2=" ">
         <subfield code="a">AGL</subfield>
         <subfield code="b">eng</subfield>
         <subfield code="c">AGL</subfield>
      </datafield>
      <datafield tag="100" ind1="1" ind2=" ">
         <subfield code="a">GAUSLAA, Yngvar</subfield>
         <subfield code="e">author</subfield>
         <subfield code="u">Department of Ecology and Natural Resource Management, Norwegian University
        of Life Sciences, P. O. Box 5003, NO-1432 Ås, Norway. Email:
        yngvar.gauslaa@umb.no</subfield>
      </datafield>
      <datafield tag="245" ind1="1" ind2="0">
         <subfield code="a">Rain, dew, and humid air as drivers of morphology, function and spatial
        distribution in epiphytic lichens</subfield>
      </datafield>
      <datafield tag="300" ind1=" " ind2=" ">
         <subfield code="a">p. 1-16.</subfield>
      </datafield>
      <datafield tag="520" ind1=" " ind2=" ">
         <subfield code="a">This review is a first attempt to combine and compare spatial distribution
        of the three main water sources, rain, dew and humid air, with water-related traits of
        mainly epiphytic macrolichens in a conceptual and functional model. By comparing climatic
        and lichenological knowledge, various effects of dewfall, rainfall and humid air on
        epiphytic lichen morphology and function are analyzed to search for traits and patterns.
        Although dew, rain and humid air cause lichen hydration and activate photosynthesis, these
        atmospheric hydration sources influence and shape lichens differently. In order to visualize
        hydration patterns, dew, rain and humid air are shown as corners in a triangle exhibiting
        the various combinations of these hydration sources. The sources of hydration vary on
        temporal scales, and on the spatial scales: regional, landscape, stand and tree. Lichen
        growth form, photobiont type, water-holding capacity (WHC) and suprasaturation depression
        show clear patterns within the hydration triangle. For most lichen species, one average
        pre-dawn dewfall approximately fills their average internal WHC. This suggests that lichens
        are optimally designed to utilize dew rather than rain, consistent with literature
        emphasizing dew as a driver for annual C-assimilation in chlorolichens. However, rain is
        needed to fill their external WHC and to fully hydrate most cyanolichens. Including the
        sources of hydration and internal lichen variables, such as water-holding capacity, will
        improve modelling of local and global future scenarios on lichen distribution and biomass
        production.</subfield>
      </datafield>
      <datafield tag="592" ind1=" " ind2=" ">
         <subfield code="a">Publisher supplied data</subfield>
      </datafield>
      <datafield tag="593" ind1=" " ind2=" ">
         <subfield code="a">PubAg article</subfield>
      </datafield>
      <datafield tag="650" ind1=" " ind2="3">
         <subfield code="a">air</subfield>
      </datafield>
      <datafield tag="650" ind1=" " ind2="3">
         <subfield code="a">biomass production</subfield>
      </datafield>
      <datafield tag="650" ind1=" " ind2="3">
         <subfield code="a">dew</subfield>
      </datafield>
      <datafield tag="650" ind1=" " ind2="3">
         <subfield code="a">epiphytes</subfield>
      </datafield>
      <datafield tag="650" ind1=" " ind2="3">
         <subfield code="a">landscapes</subfield>
      </datafield>
      <datafield tag="650" ind1=" " ind2="3">
         <subfield code="a">lichens</subfield>
      </datafield>
      <datafield tag="650" ind1=" " ind2="3">
         <subfield code="a">models</subfield>
      </datafield>
      <datafield tag="650" ind1=" " ind2="3">
         <subfield code="a">photosynthesis</subfield>
      </datafield>
      <datafield tag="650" ind1=" " ind2="3">
         <subfield code="a">rain</subfield>
      </datafield>
      <datafield tag="650" ind1=" " ind2="3">
         <subfield code="a">trees</subfield>
      </datafield>
      <datafield tag="650" ind1=" " ind2="3">
         <subfield code="a">water holding capacity</subfield>
      </datafield>
      <datafield tag="653" ind1=" " ind2="0">
         <subfield code="a">alectorioid lichens</subfield>
      </datafield>
      <datafield tag="653" ind1=" " ind2="0">
         <subfield code="a">functional groups</subfield>
      </datafield>
      <datafield tag="653" ind1=" " ind2="0">
         <subfield code="a">humidity</subfield>
      </datafield>
      <datafield tag="653" ind1=" " ind2="0">
         <subfield code="a">hydration</subfield>
      </datafield>
      <datafield tag="653" ind1=" " ind2="0">
         <subfield code="a">lichen morphology</subfield>
      </datafield>
      <datafield tag="653" ind1=" " ind2="0">
         <subfield code="a">review</subfield>
      </datafield>
      <datafield tag="653" ind1=" " ind2="0">
         <subfield code="a">water-holding capacity</subfield>
      </datafield>
      <datafield tag="773" ind1="0" ind2=" ">
         <subfield code="t">Lichenologist.</subfield>
         <subfield code="g">2014 Jan., v. 46, no. 1 p.1-16</subfield>
         <subfield code="d">Cambridge University Press</subfield>
         <subfield code="w">Journal:jnl25448</subfield>
         <subfield code="x">1096-1135</subfield>
         <subfield code="7">nnas</subfield>
      </datafield>
      <datafield tag="787" ind1="1" ind2=" ">
         <subfield code="o">islandora_article_repository</subfield>
      </datafield>
      <datafield tag="787" ind1="1" ind2=" ">
         <subfield code="o">product_pubag</subfield>
      </datafield>
      <datafield tag="787" ind1="1" ind2=" ">
         <subfield code="o">(Journal)jnl25448</subfield>
      </datafield>
      <datafield tag="856" ind1="4" ind2="0">
         <subfield code="u">http://dx.doi.org/10.1017/S0024282913000753</subfield>
         <subfield code="3">Available from publisher's site</subfield>
      </datafield>
      <datafield tag="912" ind1=" " ind2=" ">
         <subfield code="a">Article</subfield>
      </datafield>
      <datafield tag="914" ind1=" " ind2=" ">
         <subfield code="a">Journal:jnl25448</subfield>
         <subfield code="b">1096-1135</subfield>
         <subfield code="c">46</subfield>
         <subfield code="d">1</subfield>
         <subfield code="e">1</subfield>
      </datafield>
      <datafield tag="914" ind1=" " ind2=" ">
         <subfield code="f">The Lichenologist</subfield>
      </datafield>
      <datafield tag="916" ind1=" " ind2=" ">
         <subfield code="a">Batch:2290</subfield>
      </datafield>
      <datafield tag="917" ind1=" " ind2=" ">
         <subfield code="a">issued</subfield>
      </datafield>
      <datafield tag="918" ind1="2" ind2=" ">
         <subfield code="a">Cambridge University Press</subfield>
         <subfield code="e">provider</subfield>
         <subfield code="5">DNAL</subfield>
      </datafield>
      <datafield tag="935" ind1=" " ind2=" ">
         <subfield code="a">IND606549583</subfield>
         <subfield code="9">ExL</subfield>
      </datafield>
      <datafield tag="949" ind1=" " ind2=" ">
         <subfield code="a">2019-09-12</subfield>
      </datafield>
      <datafield tag="953" ind1=" " ind2=" ">
         <subfield code="a">/data/metadata/incoming/cambridge/0024-2829_LIC_46_1.zip</subfield>
      </datafield>
      <datafield tag="954" ind1=" " ind2=" ">
         <subfield code="a">file:/data/metadata/staging/cambridge/S0024282913000753.xml</subfield>
      </datafield>
      <datafield tag="955" ind1=" " ind2=" ">
         <subfield code="a">/data/metadata/staging/cambridge/</subfield>
      </datafield>
      <datafield tag="962" ind1=" " ind2=" ">
         <subfield code="a">Batch:2290 reviewed on 2019-09-12T14:00:04Z</subfield>
      </datafield>
      <datafield tag="974" ind1=" " ind2=" ">
         <subfield code="a">agid:6549583</subfield>
      </datafield>
      <datafield tag="983" ind1=" " ind2=" ">
         <subfield code="a">2019-07-27</subfield>
      </datafield>
      <datafield tag="984" ind1=" " ind2=" ">
         <subfield code="a">2019-09-12</subfield>
      </datafield>
   </record>