
   <!--Record: 232-->
   <record>
      <leader>04235nab a2200565 u 4500</leader>
      <controlfield tag="001">9916033063407426</controlfield>
      <controlfield tag="005">20221120023949.0</controlfield>
      <controlfield tag="008">201024e202011 xx |||||o|||||||||||eng||</controlfield>
      <datafield tag="016" ind1="7" ind2=" ">
         <subfield code="a">IND607143763</subfield>
         <subfield code="2">DNAL</subfield>
      </datafield>
      <datafield tag="024" ind1="7" ind2=" ">
         <subfield code="a">10.1111/1365-2745.13406</subfield>
         <subfield code="2">doi</subfield>
      </datafield>
      <datafield tag="035" ind1=" " ind2=" ">
         <subfield code="a">agid:7143763-01nal_inst</subfield>
      </datafield>
      <datafield tag="040" ind1=" " ind2=" ">
         <subfield code="a">AGL</subfield>
         <subfield code="b">eng</subfield>
         <subfield code="c">AGL</subfield>
      </datafield>
      <datafield tag="100" ind1="1" ind2=" ">
         <subfield code="a">Silva‐Souza, Karla J. P.</subfield>
         <subfield code="e">author</subfield>
         <subfield code="u">Departamento de Ecologia, Universidade Federal do Rio Grande do Norte,
        Natal, Brazil</subfield>
         <subfield code="1">https://orcid.org/0000-0002-7086-8628</subfield>
      </datafield>
      <datafield tag="245" ind1="1" ind2="0">
         <subfield code="a">Woody plant subregions of the Amazon forest</subfield>
      </datafield>
      <datafield tag="300" ind1=" " ind2=" ">
         <subfield code="a">p. 2321-2335.</subfield>
      </datafield>
      <datafield tag="500" ind1=" " ind2=" ">
         <subfield code="a">NAL-AP-2-clean</subfield>
      </datafield>
      <datafield tag="500" ind1=" " ind2=" ">
         <subfield code="a">JOURNAL ARTICLE</subfield>
      </datafield>
      <datafield tag="520" ind1=" " ind2=" ">
         <subfield code="a">The Amazon forest covers 7.5 million km² in nine countries, hosts 25% of
        the global biodiversity and is a major contributor to the biogeochemical and climatic
        functioning of the Earth system. Despite its global importance, a regionalization of the
        Amazon tree flora is still lacking. Clear and data‐driven delimitation of subregions is
        important for macroecological studies, to the identification of metacommunities and is a
        requisite for conservation planning. We aimed at identifying and mapping plant species
        subregions and investigated their relationships with environmental, historical and human
        correlates. We provide the first woody plant regionalization of the entire Amazon forest
        using a data‐driven approach based on assemblage composition patterns. We compiled data on
        woody species composition from 301 assemblages based on species occurrences. We then used
        unconstrained ordination, interpolation and clustering techniques to identify and map
        discrete woody subregions. Hierarchical clustering analysis was conducted in order to
        investigate the relationships between the identified subregions. We used multinomial
        logistic regression model and deviance partitioning to investigate the influence of
        environmental, historical and human factors on subregions distribution. We identified 13
        woody subregions in the entire Amazon forest. The hierarchical subregion classification
        showed a broad Andean‐Cratonic east–west division. Variation in subregions was explained
        jointly by human factors and spatial structure followed by environmental factors and spatial
        structure combined. Synthesis. Our woody plant subregions differed from World Wildlife Fund
        ecoregions and physiognomic‐based maps, highlighting the importance of basing
        regionalizations on taxon‐specific groups and confirming that vegetation maps should not be
        used as proxies to plant diversity subregions. Our findings also confirm the need for
        multiple and extensive protected areas in the Amazon forest. The relevance of current
        climate factors in our study alerts to a profound impact that climate change could have on
        the spatial organization of the Amazon flora.</subfield>
      </datafield>
      <datafield tag="592" ind1=" " ind2=" ">
         <subfield code="a">Publisher supplied data</subfield>
      </datafield>
      <datafield tag="593" ind1=" " ind2=" ">
         <subfield code="a">PubAg article</subfield>
      </datafield>
      <datafield tag="650" ind1=" " ind2="3">
         <subfield code="a">climate change</subfield>
      </datafield>
      <datafield tag="650" ind1=" " ind2="3">
         <subfield code="a">flora</subfield>
      </datafield>
      <datafield tag="650" ind1=" " ind2="3">
         <subfield code="a">forests</subfield>
      </datafield>
      <datafield tag="650" ind1=" " ind2="3">
         <subfield code="a">humans</subfield>
      </datafield>
      <datafield tag="650" ind1=" " ind2="3">
         <subfield code="a">ordination techniques</subfield>
      </datafield>
      <datafield tag="650" ind1=" " ind2="3">
         <subfield code="a">regression analysis</subfield>
      </datafield>
      <datafield tag="650" ind1=" " ind2="3">
         <subfield code="a">species diversity</subfield>
      </datafield>
      <datafield tag="650" ind1=" " ind2="3">
         <subfield code="a">trees</subfield>
      </datafield>
      <datafield tag="650" ind1=" " ind2="3">
         <subfield code="a">wildlife</subfield>
      </datafield>
      <datafield tag="650" ind1=" " ind2="3">
         <subfield code="a">woody plants</subfield>
      </datafield>
      <datafield tag="700" ind1="1" ind2=" ">
         <subfield code="a">Souza, Alexandre F.</subfield>
         <subfield code="e">author</subfield>
         <subfield code="u">Departamento de Ecologia, Universidade Federal do Rio Grande do Norte,
        Natal, Brazil</subfield>
         <subfield code="1">https://orcid.org/0000-0001-7468-3631</subfield>
      </datafield>
      <datafield tag="773" ind1="0" ind2=" ">
         <subfield code="t">journal of ecology.</subfield>
         <subfield code="g">2020 Nov., v. 108, no. 6 p.2321-2335</subfield>
         <subfield code="d">John Wiley &amp; Sons, Ltd</subfield>
         <subfield code="w">Journal:jnl44660</subfield>
         <subfield code="x">0022-0477</subfield>
         <subfield code="7">nnas</subfield>
      </datafield>
      <datafield tag="787" ind1="1" ind2=" ">
         <subfield code="o">islandora_article_repository</subfield>
      </datafield>
      <datafield tag="787" ind1="1" ind2=" ">
         <subfield code="o">product_pubag</subfield>
      </datafield>
      <datafield tag="787" ind1="1" ind2=" ">
         <subfield code="o">(Journal)jnl44660</subfield>
      </datafield>
      <datafield tag="856" ind1="4" ind2="0">
         <subfield code="u">http://dx.doi.org/10.1111/1365-2745.13406</subfield>
         <subfield code="3">Available from publisher's site</subfield>
      </datafield>
      <datafield tag="912" ind1=" " ind2=" ">
         <subfield code="a">Article</subfield>
      </datafield>
      <datafield tag="914" ind1=" " ind2=" ">
         <subfield code="a">Journal:jnl44660</subfield>
         <subfield code="b">0022-0477</subfield>
         <subfield code="c">108</subfield>
         <subfield code="d">6</subfield>
         <subfield code="e">2321</subfield>
      </datafield>
      <datafield tag="914" ind1=" " ind2=" ">
         <subfield code="f">journal of ecology</subfield>
      </datafield>
      <datafield tag="916" ind1=" " ind2=" ">
         <subfield code="a">Batch:10149</subfield>
      </datafield>
      <datafield tag="917" ind1=" " ind2=" ">
         <subfield code="a">issued</subfield>
      </datafield>
      <datafield tag="918" ind1="2" ind2=" ">
         <subfield code="a">John Wiley &amp; Sons, Inc</subfield>
         <subfield code="e">provider</subfield>
         <subfield code="5">DNAL</subfield>
      </datafield>
      <datafield tag="935" ind1=" " ind2=" ">
         <subfield code="a">IND607143763</subfield>
         <subfield code="9">ExL</subfield>
      </datafield>
      <datafield tag="949" ind1=" " ind2=" ">
         <subfield code="a">2021-06-18</subfield>
      </datafield>
      <datafield tag="953" ind1=" " ind2=" ">
         <subfield code="a">/data/metadata/incoming/wiley/00220477_2020_108_6.xml</subfield>
      </datafield>
      <datafield tag="954" ind1=" " ind2=" ">
         <subfield code="a">file:/data/metadata/staging/wiley/00220477_2020_108_6.xml</subfield>
      </datafield>
      <datafield tag="955" ind1=" " ind2=" ">
         <subfield code="a">/data/metadata/staging/wiley/</subfield>
      </datafield>
      <datafield tag="974" ind1=" " ind2=" ">
         <subfield code="a">agid:7143763</subfield>
      </datafield>
      <datafield tag="983" ind1=" " ind2=" ">
         <subfield code="a">2020-10-24</subfield>
      </datafield>
      <datafield tag="984" ind1=" " ind2=" ">
         <subfield code="a">2021-06-18</subfield>
      </datafield>
   </record>