
   <!--Record: 236-->
   <record>
      <leader>05063nab a2200745 u 4500</leader>
      <controlfield tag="001">9916033800807426</controlfield>
      <controlfield tag="005">20221120154504.0</controlfield>
      <controlfield tag="008">210112e201910 xx |||||o|||||||||||eng||</controlfield>
      <datafield tag="016" ind1="7" ind2=" ">
         <subfield code="a">IND606662235</subfield>
         <subfield code="2">DNAL</subfield>
      </datafield>
      <datafield tag="024" ind1="7" ind2=" ">
         <subfield code="a">10.1016/j.ejrh.2019.100625</subfield>
         <subfield code="2">doi</subfield>
      </datafield>
      <datafield tag="035" ind1=" " ind2=" ">
         <subfield code="a">agid:6662235-01nal_inst</subfield>
      </datafield>
      <datafield tag="040" ind1=" " ind2=" ">
         <subfield code="a">AGL</subfield>
         <subfield code="b">eng</subfield>
         <subfield code="c">AGL</subfield>
      </datafield>
      <datafield tag="100" ind1="1" ind2=" ">
         <subfield code="a">Cuo, Lan</subfield>
         <subfield code="e">author</subfield>
         <subfield code="u">Key Laboratory of Tibetan Environment Changes and Land Surface Processes,
        Institute of Tibetan Plateau Research, Chinese Academy of Sciences, Building 3, Courtyard
        16, Lin Cui Road, Chaoyang District, Beijing, 100101, China</subfield>
      </datafield>
      <datafield tag="245" ind1="1" ind2="0">
         <subfield code="a">Warming and human activities induced changes in the Yarlung Tsangpo basin
        of the Tibetan plateau and their influences on streamflow</subfield>
      </datafield>
      <datafield tag="520" ind1=" " ind2=" ">
         <subfield code="a">The Yarlung Tsangpo Basin (YB) on the Tibetan Plateau.Characteristics and
        changes of air temperature, precipitation, snow cover, snow depth, glacier, streamflow
        during 1979–2015, land cover/use in 1990 and 2015, and the responses of streamflow to the
        changes are analyzed. The objective is to understand the major factors that influence
        streamflow in the YB at both intra-annual and inter-annual time scales.The YB experiences
        significant warming but spatiotemporally varying precipitation changes. Snow decreases and
        glaciers retreat in the YB but with heterogeneous spatial patterns. Streamflow shows strong
        annual and decadal variability. In the cold and dry season, streamflow is positively
        correlated to air temperature in the upper sub-basin non-significantly; whereas in the warm
        and wet season, precipitation influence dominates the streamflow changes in both high and
        low elevations. Human activity induced 2-fold residential area and 5-fold tree nursery area
        expansions come at the expense of cropland, dense forest and grassland. In the upper
        sub-basin, snow depth and streamflow display significant concurrent and lagged correlations
        for several months. Streamflow in April–May, a melting and seedling season, is positively
        affected by snow depth of the previous year. Warming induced degradation in cryospheric
        elements, low precipitation during the cold and dry season, together with land cover/use
        change could result in water resource conflict in April - May for the YB.</subfield>
      </datafield>
      <datafield tag="592" ind1=" " ind2=" ">
         <subfield code="a">Publisher supplied data</subfield>
      </datafield>
      <datafield tag="593" ind1=" " ind2=" ">
         <subfield code="a">PubAg article</subfield>
      </datafield>
      <datafield tag="650" ind1=" " ind2="3">
         <subfield code="a">air temperature</subfield>
      </datafield>
      <datafield tag="650" ind1=" " ind2="3">
         <subfield code="a">altitude</subfield>
      </datafield>
      <datafield tag="650" ind1=" " ind2="3">
         <subfield code="a">basins</subfield>
      </datafield>
      <datafield tag="650" ind1=" " ind2="3">
         <subfield code="a">cold</subfield>
      </datafield>
      <datafield tag="650" ind1=" " ind2="3">
         <subfield code="a">cropland</subfield>
      </datafield>
      <datafield tag="650" ind1=" " ind2="3">
         <subfield code="a">dry season</subfield>
      </datafield>
      <datafield tag="650" ind1=" " ind2="3">
         <subfield code="a">forests</subfield>
      </datafield>
      <datafield tag="650" ind1=" " ind2="3">
         <subfield code="a">glaciers</subfield>
      </datafield>
      <datafield tag="650" ind1=" " ind2="3">
         <subfield code="a">grasslands</subfield>
      </datafield>
      <datafield tag="650" ind1=" " ind2="3">
         <subfield code="a">land cover</subfield>
      </datafield>
      <datafield tag="650" ind1=" " ind2="3">
         <subfield code="a">melting</subfield>
      </datafield>
      <datafield tag="650" ind1=" " ind2="3">
         <subfield code="a">residential areas</subfield>
      </datafield>
      <datafield tag="650" ind1=" " ind2="3">
         <subfield code="a">seedlings</subfield>
      </datafield>
      <datafield tag="650" ind1=" " ind2="3">
         <subfield code="a">snow</subfield>
      </datafield>
      <datafield tag="650" ind1=" " ind2="3">
         <subfield code="a">snowpack</subfield>
      </datafield>
      <datafield tag="650" ind1=" " ind2="3">
         <subfield code="a">stream flow</subfield>
      </datafield>
      <datafield tag="650" ind1=" " ind2="3">
         <subfield code="a">trees</subfield>
      </datafield>
      <datafield tag="650" ind1=" " ind2="3">
         <subfield code="a">wet season</subfield>
      </datafield>
      <datafield tag="651" ind1=" " ind2="3">
         <subfield code="a">China</subfield>
      </datafield>
      <datafield tag="653" ind1=" " ind2="0">
         <subfield code="a">Yarlung Tsangpo Basin</subfield>
      </datafield>
      <datafield tag="653" ind1=" " ind2="0">
         <subfield code="a">Environmental change and impacts</subfield>
      </datafield>
      <datafield tag="653" ind1=" " ind2="0">
         <subfield code="a">Streamflow</subfield>
      </datafield>
      <datafield tag="653" ind1=" " ind2="0">
         <subfield code="a">Water resources conflict</subfield>
      </datafield>
      <datafield tag="700" ind1="1" ind2=" ">
         <subfield code="a">Li, Ning</subfield>
         <subfield code="e">author</subfield>
         <subfield code="u">Key Laboratory of Tibetan Environment Changes and Land Surface Processes,
        Institute of Tibetan Plateau Research, Chinese Academy of Sciences, Building 3, Courtyard
        16, Lin Cui Road, Chaoyang District, Beijing, 100101, China</subfield>
      </datafield>
      <datafield tag="700" ind1="1" ind2=" ">
         <subfield code="a">Liu, Zhe</subfield>
         <subfield code="e">author</subfield>
         <subfield code="u">Key Laboratory of Tibetan Environment Changes and Land Surface Processes,
        Institute of Tibetan Plateau Research, Chinese Academy of Sciences, Building 3, Courtyard
        16, Lin Cui Road, Chaoyang District, Beijing, 100101, China</subfield>
      </datafield>
      <datafield tag="700" ind1="1" ind2=" ">
         <subfield code="a">Ding, Jin</subfield>
         <subfield code="e">author</subfield>
         <subfield code="u">Key Laboratory of Tibetan Environment Changes and Land Surface Processes,
        Institute of Tibetan Plateau Research, Chinese Academy of Sciences, Building 3, Courtyard
        16, Lin Cui Road, Chaoyang District, Beijing, 100101, China</subfield>
      </datafield>
      <datafield tag="700" ind1="1" ind2=" ">
         <subfield code="a">Liang, Liqiao</subfield>
         <subfield code="e">author</subfield>
         <subfield code="u">Key Laboratory of Tibetan Environment Changes and Land Surface Processes,
        Institute of Tibetan Plateau Research, Chinese Academy of Sciences, Building 3, Courtyard
        16, Lin Cui Road, Chaoyang District, Beijing, 100101, China</subfield>
      </datafield>
      <datafield tag="700" ind1="1" ind2=" ">
         <subfield code="a">Zhang, Yongxin</subfield>
         <subfield code="e">author</subfield>
         <subfield code="u">National Center for Atmospheric Research, Boulder, Colorado, USA</subfield>
      </datafield>
      <datafield tag="700" ind1="1" ind2=" ">
         <subfield code="a">Gong, Tongliang</subfield>
         <subfield code="e">author</subfield>
         <subfield code="u">Bureau of Water Resources of the Tibetan Autonomous Region, Lhasa,
        China</subfield>
      </datafield>
      <datafield tag="773" ind1="0" ind2=" ">
         <subfield code="t">Journal of hydrology.</subfield>
         <subfield code="g">2019 Oct., v. 25 p.100625-</subfield>
         <subfield code="d">Elsevier B.V.</subfield>
         <subfield code="w">Journal:23229</subfield>
         <subfield code="x">2214-5818</subfield>
         <subfield code="7">nnas</subfield>
      </datafield>
      <datafield tag="787" ind1="1" ind2=" ">
         <subfield code="o">islandora_article_repository</subfield>
      </datafield>
      <datafield tag="787" ind1="1" ind2=" ">
         <subfield code="o">product_pubag</subfield>
      </datafield>
      <datafield tag="787" ind1="1" ind2=" ">
         <subfield code="o">(Journal)23229</subfield>
      </datafield>
      <datafield tag="856" ind1="4" ind2="0">
         <subfield code="u">https://dx.doi.org/10.1016/j.ejrh.2019.100625</subfield>
         <subfield code="3">Available from publisher's site</subfield>
      </datafield>
      <datafield tag="912" ind1=" " ind2=" ">
         <subfield code="a">Article</subfield>
      </datafield>
      <datafield tag="914" ind1=" " ind2=" ">
         <subfield code="a">Journal:23229</subfield>
         <subfield code="b">2214-5818</subfield>
      </datafield>
      <datafield tag="914" ind1=" " ind2=" ">
         <subfield code="f">Journal of hydrology</subfield>
      </datafield>
      <datafield tag="916" ind1=" " ind2=" ">
         <subfield code="a">Batch:2342</subfield>
      </datafield>
      <datafield tag="917" ind1=" " ind2=" ">
         <subfield code="a">issued</subfield>
      </datafield>
      <datafield tag="918" ind1="2" ind2=" ">
         <subfield code="a">Elsevier Consyn</subfield>
         <subfield code="e">provider</subfield>
         <subfield code="5">DNAL</subfield>
      </datafield>
      <datafield tag="935" ind1=" " ind2=" ">
         <subfield code="a">IND606662235</subfield>
         <subfield code="9">ExL</subfield>
      </datafield>
      <datafield tag="949" ind1=" " ind2=" ">
         <subfield code="a">2019-10-18</subfield>
      </datafield>
      <datafield tag="953" ind1=" " ind2=" ">
         <subfield code="a">/data/metadata/incoming/consyn/145758377432243913-00002-HEAD-ONLY-REVISEDSUBJECTLIST.ZIP</subfield>
      </datafield>
      <datafield tag="954" ind1=" " ind2=" ">
         <subfield code="a">file:/data/metadata/staging/consyn/S2214581819301983.xml</subfield>
      </datafield>
      <datafield tag="955" ind1=" " ind2=" ">
         <subfield code="a">/data/metadata/staging/consyn/</subfield>
      </datafield>
      <datafield tag="974" ind1=" " ind2=" ">
         <subfield code="a">agid:6662235</subfield>
      </datafield>
      <datafield tag="983" ind1=" " ind2=" ">
         <subfield code="a">2021-01-12</subfield>
      </datafield>
      <datafield tag="984" ind1=" " ind2=" ">
         <subfield code="a">2021-01-12</subfield>
      </datafield>
   </record>