
   <!--Record: 237-->
   <record>
      <leader>04956nab a2200661 u 4500</leader>
      <controlfield tag="001">9916033926307426</controlfield>
      <controlfield tag="005">20221120174325.0</controlfield>
      <controlfield tag="008">220420e202206 xx |||||o|||||||||||eng||</controlfield>
      <datafield tag="016" ind1="7" ind2=" ">
         <subfield code="a">IND607707729</subfield>
         <subfield code="2">DNAL</subfield>
      </datafield>
      <datafield tag="024" ind1="7" ind2=" ">
         <subfield code="a">10.1016/j.landusepol.2022.106093</subfield>
         <subfield code="2">doi</subfield>
      </datafield>
      <datafield tag="035" ind1=" " ind2=" ">
         <subfield code="a">agid:7707729-01nal_inst</subfield>
      </datafield>
      <datafield tag="040" ind1=" " ind2=" ">
         <subfield code="a">AGL</subfield>
         <subfield code="b">eng</subfield>
         <subfield code="c">AGL</subfield>
      </datafield>
      <datafield tag="100" ind1="1" ind2=" ">
         <subfield code="a">Min, Min</subfield>
         <subfield code="e">author</subfield>
         <subfield code="u">Key Research Institute of Yellow River Civilization and Sustainable
        Development &amp; Collaborative Innovation Center on Yellow River Civilization of Henan
        Province, Henan University, Kaifeng 475001, China</subfield>
      </datafield>
      <datafield tag="245" ind1="1" ind2="0">
         <subfield code="a">Formation mechanisms and general characteristics of cultivated land use
        patterns in the Chaohu Lake Basin, China</subfield>
      </datafield>
      <datafield tag="520" ind1=" " ind2=" ">
         <subfield code="a">Accurate identification and clearly dividing different cultivated land use
        patterns, and then clarifying their formation mechanisms, are the necessary premises to
        solve the inefficient utilization of cultivated land resources. Considering the deficiency
        of the existing research on cultivated land use patterns in integrated classification and
        formation mechanisms, this study takes the Chaohu Lake Basin, which has undergone major
        changes in cultivated land use, as the case area and constructs an integrated recognition
        factor system of different cultivated land use patterns. The classification rules for
        different cultivated land use patterns were formulated using the decision tree algorithm,
        and the townships were divided into four patterns: suburban compound operation (SC); grain
        and economic crop scale operation (GS); grain and economic crop extensive operation (GE);
        and grain, oil, and cotton scale operation (GOCS). By discussing the fundamental dynamics of
        cultivated land use spatial and non-spatial form changes, combining the occurrence mechanism
        of cultivated land use patterns, the general characteristics of cultivated land use in the
        four patterns are summarized. We found that he essence of cultivated land use pattern
        differentiation is the cultivated land use forms’ evolution in different stages. The process
        of cultivated land use pattern differentiation can be divided into three stages, which
        mainly result from the changes of industrialization, urbanization, and marketization, as
        well as differences in social culture and government macro-control. Such changes are
        influenced by both market orientation and system intervention. The GEE pattern appears in
        the primary stage, while the GES, SC, and GOCS patterns generally appear in the intermediate
        stage, and the general characteristics of the four cultivated land use patterns are
        significantly different. This study further enriches the theoretical system of cultivated
        land use patterns and provides scientific support for the land space optimization regulation
        path of high-quality agricultural development in the Chaohu Lake Basin.</subfield>
      </datafield>
      <datafield tag="592" ind1=" " ind2=" ">
         <subfield code="a">Publisher supplied data</subfield>
      </datafield>
      <datafield tag="593" ind1=" " ind2=" ">
         <subfield code="a">PubAg article</subfield>
      </datafield>
      <datafield tag="650" ind1=" " ind2="3">
         <subfield code="a">agricultural development</subfield>
      </datafield>
      <datafield tag="650" ind1=" " ind2="3">
         <subfield code="a">agricultural land</subfield>
      </datafield>
      <datafield tag="650" ind1=" " ind2="3">
         <subfield code="a">algorithms</subfield>
      </datafield>
      <datafield tag="650" ind1=" " ind2="3">
         <subfield code="a">cotton</subfield>
      </datafield>
      <datafield tag="650" ind1=" " ind2="3">
         <subfield code="a">decision support systems</subfield>
      </datafield>
      <datafield tag="650" ind1=" " ind2="3">
         <subfield code="a">evolution</subfield>
      </datafield>
      <datafield tag="650" ind1=" " ind2="3">
         <subfield code="a">industrialization</subfield>
      </datafield>
      <datafield tag="650" ind1=" " ind2="3">
         <subfield code="a">land policy</subfield>
      </datafield>
      <datafield tag="650" ind1=" " ind2="3">
         <subfield code="a">land use</subfield>
      </datafield>
      <datafield tag="650" ind1=" " ind2="3">
         <subfield code="a">market orientation</subfield>
      </datafield>
      <datafield tag="650" ind1=" " ind2="3">
         <subfield code="a">oils</subfield>
      </datafield>
      <datafield tag="650" ind1=" " ind2="3">
         <subfield code="a">urbanization</subfield>
      </datafield>
      <datafield tag="650" ind1=" " ind2="3">
         <subfield code="a">watersheds</subfield>
      </datafield>
      <datafield tag="651" ind1=" " ind2="3">
         <subfield code="a">China</subfield>
      </datafield>
      <datafield tag="653" ind1=" " ind2="0">
         <subfield code="a">Cultivated land use pattern</subfield>
      </datafield>
      <datafield tag="653" ind1=" " ind2="0">
         <subfield code="a">Spatial forms</subfield>
      </datafield>
      <datafield tag="653" ind1=" " ind2="0">
         <subfield code="a">Non-spatial forms</subfield>
      </datafield>
      <datafield tag="653" ind1=" " ind2="0">
         <subfield code="a">Formation mechanism</subfield>
      </datafield>
      <datafield tag="653" ind1=" " ind2="0">
         <subfield code="a">Chaohu Lake Basin</subfield>
      </datafield>
      <datafield tag="700" ind1="1" ind2=" ">
         <subfield code="a">Miao, Changhong</subfield>
         <subfield code="e">author</subfield>
         <subfield code="u">Key Research Institute of Yellow River Civilization and Sustainable
        Development &amp; Collaborative Innovation Center on Yellow River Civilization of Henan
        Province, Henan University, Kaifeng 475001, China</subfield>
      </datafield>
      <datafield tag="700" ind1="1" ind2=" ">
         <subfield code="a">Duan, Xuejun</subfield>
         <subfield code="e">author</subfield>
         <subfield code="u">Key Laboratory of Watershed Geographic Sciences, Nanjing Institute of
        Geography and Limnology, Chinese Academy of Sciences, Nanjing 210008, China</subfield>
      </datafield>
      <datafield tag="700" ind1="1" ind2=" ">
         <subfield code="a">Yan, Wei</subfield>
         <subfield code="e">author</subfield>
         <subfield code="u">Key Laboratory of Watershed Geographic Sciences, Nanjing Institute of
        Geography and Limnology, Chinese Academy of Sciences, Nanjing 210008, China</subfield>
      </datafield>
      <datafield tag="773" ind1="0" ind2=" ">
         <subfield code="t">Land use policy.</subfield>
         <subfield code="g">2022 June, v. 117 p.106093-</subfield>
         <subfield code="d">Elsevier Ltd</subfield>
         <subfield code="w">Journal:12412</subfield>
         <subfield code="x">0264-8377</subfield>
         <subfield code="7">nnas</subfield>
      </datafield>
      <datafield tag="787" ind1="1" ind2=" ">
         <subfield code="o">islandora_article_repository</subfield>
      </datafield>
      <datafield tag="787" ind1="1" ind2=" ">
         <subfield code="o">product_pubag</subfield>
      </datafield>
      <datafield tag="787" ind1="1" ind2=" ">
         <subfield code="o">(Journal)12412</subfield>
      </datafield>
      <datafield tag="856" ind1="4" ind2="0">
         <subfield code="u">https://dx.doi.org/10.1016/j.landusepol.2022.106093</subfield>
         <subfield code="3">Available from publisher's site</subfield>
      </datafield>
      <datafield tag="912" ind1=" " ind2=" ">
         <subfield code="a">Article</subfield>
      </datafield>
      <datafield tag="914" ind1=" " ind2=" ">
         <subfield code="a">Journal:12412</subfield>
         <subfield code="b">0264-8377</subfield>
         <subfield code="e">106093</subfield>
      </datafield>
      <datafield tag="914" ind1=" " ind2=" ">
         <subfield code="f">Land use policy</subfield>
      </datafield>
      <datafield tag="916" ind1=" " ind2=" ">
         <subfield code="a">Batch:10254</subfield>
      </datafield>
      <datafield tag="917" ind1=" " ind2=" ">
         <subfield code="a">issued</subfield>
      </datafield>
      <datafield tag="918" ind1="2" ind2=" ">
         <subfield code="a">Elsevier Consyn</subfield>
         <subfield code="e">provider</subfield>
         <subfield code="5">DNAL</subfield>
      </datafield>
      <datafield tag="935" ind1=" " ind2=" ">
         <subfield code="a">IND607707729</subfield>
         <subfield code="9">ExL</subfield>
      </datafield>
      <datafield tag="949" ind1=" " ind2=" ">
         <subfield code="a">2022-03-21</subfield>
      </datafield>
      <datafield tag="953" ind1=" " ind2=" ">
         <subfield code="a">/data/metadata/incoming/consyn/165062057670917640-00002-HEAD-ONLY-NEW
        CONSYN ISSNS.zip</subfield>
      </datafield>
      <datafield tag="954" ind1=" " ind2=" ">
         <subfield code="a">file:/data/metadata/staging/consyn/S026483772200120X.xml</subfield>
      </datafield>
      <datafield tag="955" ind1=" " ind2=" ">
         <subfield code="a">/data/metadata/staging/consyn/</subfield>
      </datafield>
      <datafield tag="974" ind1=" " ind2=" ">
         <subfield code="a">agid:7707729</subfield>
      </datafield>
      <datafield tag="983" ind1=" " ind2=" ">
         <subfield code="a">2022-04-20</subfield>
      </datafield>
      <datafield tag="984" ind1=" " ind2=" ">
         <subfield code="a">2022-04-20</subfield>
      </datafield>
   </record>