
   <!--Record: 238-->
   <record>
      <leader>05441nab a2200613 u 4500</leader>
      <controlfield tag="001">9916033996007426</controlfield>
      <controlfield tag="005">20221121024823.0</controlfield>
      <controlfield tag="008">220813e202202 xx |||||o|||||||||||eng||</controlfield>
      <datafield tag="016" ind1="7" ind2=" ">
         <subfield code="a">IND607690354</subfield>
         <subfield code="2">DNAL</subfield>
      </datafield>
      <datafield tag="024" ind1="7" ind2=" ">
         <subfield code="a">10.1007/s11104-021-05202-6</subfield>
         <subfield code="2">doi</subfield>
      </datafield>
      <datafield tag="035" ind1=" " ind2=" ">
         <subfield code="a">agid:7690354-01nal_inst</subfield>
      </datafield>
      <datafield tag="040" ind1=" " ind2=" ">
         <subfield code="a">AGL</subfield>
         <subfield code="b">eng</subfield>
         <subfield code="c">AGL</subfield>
      </datafield>
      <datafield tag="100" ind1="1" ind2=" ">
         <subfield code="a">Alvarez, Facundo</subfield>
         <subfield code="e">author</subfield>
         <subfield code="u">Universidade do Estado de Mato Grosso, Programa de Pós-Graduação em
        Ecologia e Conservação, Campus de Nova Xavantina, Nova Xavantina, Mato Grosso, Brazil.
        facualva87@gmail.com</subfield>
         <subfield code="1">https://orcid.org/0000-0002-7095-9570</subfield>
      </datafield>
      <datafield tag="245" ind1="1" ind2="0">
         <subfield code="a">Climate defined but not soil-restricted: the distribution of a Neotropical
        tree through space and time</subfield>
      </datafield>
      <datafield tag="300" ind1=" " ind2=" ">
         <subfield code="a">p. 175-191.</subfield>
      </datafield>
      <datafield tag="520" ind1=" " ind2=" ">
         <subfield code="a">Brosimum rubescens, a tree species with Neotropical distribution, can
        achieve local monodominance in Southern Amazonian forests. Understanding how and why this
        species varies across space and time is important because the monodominance of some species
        alters ecosystem complexity. Here we evaluated the fundamental ecological niche of B.
        rubescens by species distribution models (SDM), combining predictive environmental variables
        with occurrence points, and determined the temporal persistence and how the spatial
        distribution patterns of this species vary with different environmental predictive
        variables. To generate the SDMs, we incorporated predictive environmental variables as main
        components of climatic, hydric and edaphic variables. All algorithms showed higher
        performance in spatial predictions for hydric variables and for the combination of climatic,
        hydric and edaphic variables. We identified that the potential niches of B. rubescens seem
        to be defined by climatic fluctuations, with the edaphic conditions not limiting the
        presence of this species in the evaluated spatial scale. From the last glacial maximum to
        the present, this species seems to have increased its spatial amplitude; however, from the
        present to the future, predictions suggest that B. rubescens will experience a considerable
        loss of its range. Our findings showed independent and combined effects of different
        environmental variables, allowing us to identify which are limiting or facilitating the
        spatial distribution of B. rubescens. We corroborate the spatial persistence and
        geographical fidelity of the species’ distribution patterns over time.</subfield>
      </datafield>
      <datafield tag="592" ind1=" " ind2=" ">
         <subfield code="a">Publisher supplied data</subfield>
      </datafield>
      <datafield tag="593" ind1=" " ind2=" ">
         <subfield code="a">PubAg article</subfield>
      </datafield>
      <datafield tag="650" ind1=" " ind2="3">
         <subfield code="a">Brosimum</subfield>
      </datafield>
      <datafield tag="650" ind1=" " ind2="3">
         <subfield code="a">Neotropics</subfield>
      </datafield>
      <datafield tag="650" ind1=" " ind2="3">
         <subfield code="a">climate</subfield>
      </datafield>
      <datafield tag="650" ind1=" " ind2="3">
         <subfield code="a">ecosystems</subfield>
      </datafield>
      <datafield tag="650" ind1=" " ind2="3">
         <subfield code="a">geographical distribution</subfield>
      </datafield>
      <datafield tag="650" ind1=" " ind2="3">
         <subfield code="a">niches</subfield>
      </datafield>
      <datafield tag="650" ind1=" " ind2="3">
         <subfield code="a">soil</subfield>
      </datafield>
      <datafield tag="650" ind1=" " ind2="3">
         <subfield code="a">space and time</subfield>
      </datafield>
      <datafield tag="650" ind1=" " ind2="3">
         <subfield code="a">trees</subfield>
      </datafield>
      <datafield tag="700" ind1="1" ind2=" ">
         <subfield code="a">Morandi, Paulo S.</subfield>
         <subfield code="e">author</subfield>
         <subfield code="u">Universidade do Estado de Mato Grosso, Programa de Pós-Graduação em
        Ecologia e Conservação, Campus de Nova Xavantina, Nova Xavantina, Mato Grosso,
        Brazil</subfield>
         <subfield code="1">https://orcid.org/0000-0001-8151-7738</subfield>
      </datafield>
      <datafield tag="700" ind1="1" ind2=" ">
         <subfield code="a">Marimon-Junior, Ben Hur</subfield>
         <subfield code="e">author</subfield>
         <subfield code="u">Universidade do Estado de Mato Grosso, Programa de Pós-Graduação em
        Ecologia e Conservação, Campus de Nova Xavantina, Nova Xavantina, Mato Grosso,
        Brazil</subfield>
         <subfield code="1">https://orcid.org/0000-0002-6359-6281</subfield>
      </datafield>
      <datafield tag="700" ind1="1" ind2=" ">
         <subfield code="a">Exavier, Reginal</subfield>
         <subfield code="e">author</subfield>
         <subfield code="u">Universidade de São Paulo, Programa de Pós-Graduação em Geografia Física,
        São Paulo, Brazil</subfield>
         <subfield code="1">https://orcid.org/0000-0002-5237-523X</subfield>
      </datafield>
      <datafield tag="700" ind1="1" ind2=" ">
         <subfield code="a">Araújo, Igor</subfield>
         <subfield code="e">author</subfield>
         <subfield code="u">Universidade do Estado de Mato Grosso, Programa de Pós-Graduação em
        Ecologia e Conservação, Campus de Nova Xavantina, Nova Xavantina, Mato Grosso,
        Brazil</subfield>
         <subfield code="1">https://orcid.org/0000-0002-9226-7321</subfield>
      </datafield>
      <datafield tag="700" ind1="1" ind2=" ">
         <subfield code="a">Mariano, Lucas H.</subfield>
         <subfield code="e">author</subfield>
         <subfield code="u">Universidade do Estado de Mato Grosso, Programa de Pós-Graduação em
        Ecologia e Conservação, Campus de Nova Xavantina, Nova Xavantina, Mato Grosso,
        Brazil</subfield>
         <subfield code="1">https://orcid.org/0000-0003-0380-5077</subfield>
      </datafield>
      <datafield tag="700" ind1="1" ind2=" ">
         <subfield code="a">Muller, Angélica O.</subfield>
         <subfield code="e">author</subfield>
         <subfield code="u">Universidade do Estado de Mato Grosso, Programa de Pós-Graduação em
        Ecologia e Conservação, Campus de Nova Xavantina, Nova Xavantina, Mato Grosso,
        Brazil</subfield>
         <subfield code="1">https://orcid.org/0000-0002-9323-8426</subfield>
      </datafield>
      <datafield tag="700" ind1="1" ind2=" ">
         <subfield code="a">Feldpausch, Ted R.</subfield>
         <subfield code="e">author</subfield>
         <subfield code="u">Universidade do Estado de Mato Grosso, Programa de Pós-Graduação em
        Ecologia e Conservação, Campus de Nova Xavantina, Nova Xavantina, Mato Grosso,
        Brazil</subfield>
         <subfield code="1">https://orcid.org/0000-0002-6631-7962</subfield>
      </datafield>
      <datafield tag="700" ind1="1" ind2=" ">
         <subfield code="a">Marimon, Beatriz S.</subfield>
         <subfield code="e">author</subfield>
         <subfield code="u">Universidade do Estado de Mato Grosso, Programa de Pós-Graduação em
        Ecologia e Conservação, Campus de Nova Xavantina, Nova Xavantina, Mato Grosso,
        Brazil</subfield>
         <subfield code="1">https://orcid.org/0000-0003-3105-2914</subfield>
      </datafield>
      <datafield tag="773" ind1="0" ind2=" ">
         <subfield code="t">Plant and soil.</subfield>
         <subfield code="g">2022 Feb., v. 471, no. 1-2 p.175-191</subfield>
         <subfield code="d">Springer International Publishing</subfield>
         <subfield code="w">Journal:jnl49373</subfield>
         <subfield code="x">0032-079X</subfield>
         <subfield code="7">nnas</subfield>
      </datafield>
      <datafield tag="787" ind1="1" ind2=" ">
         <subfield code="o">islandora_article_repository</subfield>
      </datafield>
      <datafield tag="787" ind1="1" ind2=" ">
         <subfield code="o">product_pubag</subfield>
      </datafield>
      <datafield tag="787" ind1="1" ind2=" ">
         <subfield code="o">(Journal)jnl49373</subfield>
      </datafield>
      <datafield tag="856" ind1="4" ind2="0">
         <subfield code="u">https://dx.doi.org/10.1007/s11104-021-05202-6</subfield>
         <subfield code="3">Available from publisher's site</subfield>
      </datafield>
      <datafield tag="912" ind1=" " ind2=" ">
         <subfield code="a">Article</subfield>
      </datafield>
      <datafield tag="914" ind1=" " ind2=" ">
         <subfield code="a">Journal:jnl49373</subfield>
         <subfield code="b">0032-079X</subfield>
         <subfield code="c">471</subfield>
         <subfield code="d">1-2</subfield>
         <subfield code="e">175</subfield>
      </datafield>
      <datafield tag="914" ind1=" " ind2=" ">
         <subfield code="f">Plant and soil</subfield>
      </datafield>
      <datafield tag="916" ind1=" " ind2=" ">
         <subfield code="a">Batch:10238</subfield>
      </datafield>
      <datafield tag="917" ind1=" " ind2=" ">
         <subfield code="a">issued</subfield>
      </datafield>
      <datafield tag="918" ind1="2" ind2=" ">
         <subfield code="a">Springer</subfield>
         <subfield code="e">provider</subfield>
         <subfield code="5">DNAL</subfield>
      </datafield>
      <datafield tag="935" ind1=" " ind2=" ">
         <subfield code="a">IND607690354</subfield>
         <subfield code="9">ExL</subfield>
      </datafield>
      <datafield tag="949" ind1=" " ind2=" ">
         <subfield code="a">2022-05-17</subfield>
      </datafield>
      <datafield tag="953" ind1=" " ind2=" ">
         <subfield code="a">/data/metadata/incoming/springer/ftp_PUB_22-08-13_05-18-12.zip</subfield>
      </datafield>
      <datafield tag="954" ind1=" " ind2=" ">
         <subfield code="a">file:/data/metadata/staging/springer/11104-471-1-2.xml</subfield>
      </datafield>
      <datafield tag="955" ind1=" " ind2=" ">
         <subfield code="a">/data/metadata/staging/springer/</subfield>
      </datafield>
      <datafield tag="974" ind1=" " ind2=" ">
         <subfield code="a">agid:7690354</subfield>
      </datafield>
      <datafield tag="983" ind1=" " ind2=" ">
         <subfield code="a">2022-08-13</subfield>
      </datafield>
      <datafield tag="984" ind1=" " ind2=" ">
         <subfield code="a">2022-08-13</subfield>
      </datafield>
   </record>