
   <!--Record: 241-->
   <record>
      <leader>03773nab a2200601 u 4500</leader>
      <controlfield tag="001">9916034194807426</controlfield>
      <controlfield tag="005">20221122153129.0</controlfield>
      <controlfield tag="008">050715e200506 xx |||||o|||||||||||eng||</controlfield>
      <datafield tag="016" ind1="7" ind2=" ">
         <subfield code="a">IND43723444</subfield>
         <subfield code="2">DNAL</subfield>
      </datafield>
      <datafield tag="035" ind1=" " ind2=" ">
         <subfield code="a">agid:2756602-01nal_inst</subfield>
      </datafield>
      <datafield tag="040" ind1=" " ind2=" ">
         <subfield code="a">AGL</subfield>
         <subfield code="b">eng</subfield>
         <subfield code="c">AGL</subfield>
      </datafield>
      <datafield tag="072" ind1=" " ind2="0">
         <subfield code="a"> F300 </subfield>
      </datafield>
      <datafield tag="072" ind1=" " ind2="0">
         <subfield code="a"> K001 </subfield>
      </datafield>
      <datafield tag="072" ind1=" " ind2="0">
         <subfield code="a"> F830 </subfield>
      </datafield>
      <datafield tag="072" ind1=" " ind2="0">
         <subfield code="a"> F821 </subfield>
      </datafield>
      <datafield tag="072" ind1=" " ind2="0">
         <subfield code="a"> F600 </subfield>
      </datafield>
      <datafield tag="100" ind1="1" ind2=" ">
         <subfield code="a">Smith, T.F.</subfield>
      </datafield>
      <datafield tag="245" ind1="1" ind2="0">
         <subfield code="a">Patterns of mortality in an old-growth mixed-conifer forest of the southern
        Sierra Nevada, California</subfield>
      </datafield>
      <datafield tag="300" ind1=" " ind2=" ">
         <subfield code="a">p. 266-275.</subfield>
      </datafield>
      <datafield tag="500" ind1=" " ind2=" ">
         <subfield code="a">In the special issue: Sierran Mixed-Conifer Research.</subfield>
      </datafield>
      <datafield tag="520" ind1=" " ind2=" ">
         <subfield code="a">Mortality patterns in an old-growth, mixed-conifer forest, in the absence
        of wildfire, were investigated at the Teakettle Experimental Forest from 2000 to 2002. We
        tested the hypothesis that after a century of fire suppression, pathogen- and
        insect-associated mortality (between episodic droughts) would be significantly greater on
        ingrowth trees (i.e., smaller-diameter, shade-tolerant species in high-density clusters).
        Using a survey of over 30,000 mapped trees, overall mortality, as measured by standing dead
        trees, was 8.7% of all stems &gt;or=5 cm dbh. Mortality levels were proportional to the
        population size of the five dominant conifer species, white fir (Abies concolor), red fir
        (A. magnifica), incense cedar (Calocedrus decurrens), Jeffrey pine (Pinus jeffreyi), and
        sugar pine (Pinus lambertiana). There was also no significant difference in mortality
        between shade-tolerant and shade-intolerant species. All dead trees were clustered within
        plots. Mortality was significantly higher than expected for large-diameter trees (&gt;100 cm
        dbh) with all conifer species combined and for each individual species, except Jeffrey pine.
        Small-diameter dead trees were grouped in high-density clusters. Mortality was less than
        expected among small-diameter trees (5-20 cm dbh) for all species combined, red and white
        fir, and sugar pine. Mortality for all conifers was higher than expected in areas of high
        stand density and lower in areas of low stand density. Mortality of small-diameter trees was
        clustered and particularly high in areas of high stand density. Our data suggest pathogen-
        and insect-associated mortality is significantly greater in areas of high stand density but
        it is not higher for shade-tolerant species. Furthermore, mortality is higher than expected
        for large-diameter trees, suggesting an acceleration of old-tree mortality under current
        fire suppression conditions.</subfield>
      </datafield>
      <datafield tag="650" ind1=" " ind2="3">
         <subfield code="a">old-growth forests</subfield>
      </datafield>
      <datafield tag="650" ind1=" " ind2="3">
         <subfield code="a">mixed forests</subfield>
      </datafield>
      <datafield tag="650" ind1=" " ind2="3">
         <subfield code="a">coniferous forests</subfield>
      </datafield>
      <datafield tag="650" ind1=" " ind2="3">
         <subfield code="a">forest trees</subfield>
      </datafield>
      <datafield tag="650" ind1=" " ind2="3">
         <subfield code="a">tree mortality</subfield>
      </datafield>
      <datafield tag="650" ind1=" " ind2="3">
         <subfield code="a">insect pests</subfield>
      </datafield>
      <datafield tag="650" ind1=" " ind2="3">
         <subfield code="a">canopy gaps</subfield>
      </datafield>
      <datafield tag="650" ind1=" " ind2="3">
         <subfield code="a">stand density</subfield>
      </datafield>
      <datafield tag="650" ind1=" " ind2="3">
         <subfield code="a">spatial distribution</subfield>
      </datafield>
      <datafield tag="650" ind1=" " ind2="3">
         <subfield code="a">shade tolerance</subfield>
      </datafield>
      <datafield tag="651" ind1=" " ind2="3">
         <subfield code="a">California</subfield>
      </datafield>
      <datafield tag="653" ind1=" " ind2="0">
         <subfield code="a">Sierra Nevada</subfield>
      </datafield>
      <datafield tag="653" ind1=" " ind2="0">
         <subfield code="a">density-dependence mortality</subfield>
      </datafield>
      <datafield tag="700" ind1="1" ind2=" ">
         <subfield code="a">Rizzo, D.M.</subfield>
      </datafield>
      <datafield tag="700" ind1="1" ind2=" ">
         <subfield code="a">North, M.</subfield>
      </datafield>
      <datafield tag="773" ind1="0" ind2=" ">
         <subfield code="t">Forest science.</subfield>
         <subfield code="g">2005 June, v. 51, no. 3 p.266-275</subfield>
         <subfield code="x">0015-749X</subfield>
         <subfield code="7">nnas</subfield>
      </datafield>
      <datafield tag="787" ind1="1" ind2=" ">
         <subfield code="o">islandora_article_repository</subfield>
      </datafield>
      <datafield tag="787" ind1="1" ind2=" ">
         <subfield code="o">(Journal)jnl45979</subfield>
      </datafield>
      <datafield tag="852" ind1=" " ind2=" ">
         <subfield code="a">DNAL</subfield>
      </datafield>
      <datafield tag="912" ind1=" " ind2=" ">
         <subfield code="a">Article</subfield>
      </datafield>
      <datafield tag="914" ind1=" " ind2=" ">
         <subfield code="a">Journal:jnl45979</subfield>
      </datafield>
      <datafield tag="914" ind1=" " ind2=" ">
         <subfield code="f">Forest science</subfield>
      </datafield>
      <datafield tag="917" ind1=" " ind2=" ">
         <subfield code="a">issued</subfield>
      </datafield>
      <datafield tag="930" ind1=" " ind2=" ">
         <subfield code="a">20080701</subfield>
         <subfield code="b">20080704</subfield>
         <subfield code="c">00000000</subfield>
      </datafield>
      <datafield tag="935" ind1=" " ind2=" ">
         <subfield code="a">IND43723444</subfield>
         <subfield code="9">ExL</subfield>
      </datafield>
      <datafield tag="945" ind1=" " ind2=" ">
         <subfield code="a">IND</subfield>
         <subfield code="d">GAY</subfield>
         <subfield code="e">2005/07/25</subfield>
      </datafield>
      <datafield tag="946" ind1=" " ind2=" ">
         <subfield code="a">Other US</subfield>
      </datafield>
      <datafield tag="952" ind1=" " ind2=" ">
         <subfield code="a">20080701 20080704 00000000</subfield>
         <subfield code="b">IND GAY 2005/07/25</subfield>
      </datafield>
      <datafield tag="974" ind1=" " ind2=" ">
         <subfield code="a">agid:2756602</subfield>
      </datafield>
      <datafield tag="984" ind1=" " ind2=" ">
         <subfield code="a">2014-12-22</subfield>
      </datafield>
      <datafield tag="985" ind1=" " ind2=" ">
         <subfield code="a">Converted from MARCXML to MODS version 3.4 using MARC21slim2MODS3-4.xsl
        (Revision 1.95 2014/04/23)</subfield>
      </datafield>
      <datafield tag="986" ind1=" " ind2=" ">
         <subfield code="a">3723444</subfield>
      </datafield>
   </record>