
   <!--Record: 243-->
   <record>
      <leader>04601nab a2200649 u 4500</leader>
      <controlfield tag="001">9916034480507426</controlfield>
      <controlfield tag="005">20221122110856.0</controlfield>
      <controlfield tag="008">200221e202003 xx |||||o|||||||||||eng||</controlfield>
      <datafield tag="016" ind1="7" ind2=" ">
         <subfield code="a">IND606767913</subfield>
         <subfield code="2">DNAL</subfield>
      </datafield>
      <datafield tag="024" ind1="7" ind2=" ">
         <subfield code="a">10.1016/j.ecolind.2019.105944</subfield>
         <subfield code="2">doi</subfield>
      </datafield>
      <datafield tag="035" ind1=" " ind2=" ">
         <subfield code="a">agid:6767913-01nal_inst</subfield>
      </datafield>
      <datafield tag="040" ind1=" " ind2=" ">
         <subfield code="a">AGL</subfield>
         <subfield code="b">eng</subfield>
         <subfield code="c">AGL</subfield>
      </datafield>
      <datafield tag="100" ind1="1" ind2=" ">
         <subfield code="a">Põldveer, Eneli</subfield>
         <subfield code="e">author</subfield>
      </datafield>
      <datafield tag="245" ind1="1" ind2="0">
         <subfield code="a">Assessment of spatial stand structure of hemiboreal conifer dominated
        forests according to different levels of naturalness</subfield>
      </datafield>
      <datafield tag="500" ind1=" " ind2=" ">
         <subfield code="a">NAL-AP-2-clean</subfield>
      </datafield>
      <datafield tag="520" ind1=" " ind2=" ">
         <subfield code="a">Ecosystem legacies, reflecting the management history traits, are visible
        in structural indicators of a forest stand. We assessed patterns of spatial forest structure
        by using individual tree indices based on the nearest-neighbourhood approach. Five different
        indices were quantified – species mingling, deadwood mingling, deadwood distribution,
        diameter differentiation and the uniform angle indices characterising the patterns that show
        the complexity and diversity of forests: the arrangement of tree dimensions, species and
        deadwood as well as tree positioning regularities. Managed Norway spruce (Picea abies)
        stands are remarkably more homogeneous in terms of occurrence and positioning of different
        tree species and dimensions when compared to unmanaged forests. Managed Scots pine (Pinus
        sylvestris) stands rarely show co-occurrence of living and dead trees and demonstrate lower
        dimensional variability than unmanaged stands. Trees are often quite randomly positioned;
        slightly regular positionings became evident in managed Norway spruce stands. Structural
        analysis confirm that large trees are particularly important in maintaining the structural
        diversity of forests. Forest management needs to integrate maintenance of important
        structural components and patterns into timber production for biodiversity conservation and
        sustainable forestry. Natural forests are indispensable source for reference structures in
        forest ecosystems.</subfield>
      </datafield>
      <datafield tag="592" ind1=" " ind2=" ">
         <subfield code="a">Publisher supplied data</subfield>
      </datafield>
      <datafield tag="593" ind1=" " ind2=" ">
         <subfield code="a">PubAg article</subfield>
      </datafield>
      <datafield tag="650" ind1=" " ind2="3">
         <subfield code="a">Picea abies</subfield>
      </datafield>
      <datafield tag="650" ind1=" " ind2="3">
         <subfield code="a">Pinus sylvestris</subfield>
      </datafield>
      <datafield tag="650" ind1=" " ind2="3">
         <subfield code="a">biodiversity conservation</subfield>
      </datafield>
      <datafield tag="650" ind1=" " ind2="3">
         <subfield code="a">conifers</subfield>
      </datafield>
      <datafield tag="650" ind1=" " ind2="3">
         <subfield code="a">dead wood</subfield>
      </datafield>
      <datafield tag="650" ind1=" " ind2="3">
         <subfield code="a">forest stands</subfield>
      </datafield>
      <datafield tag="650" ind1=" " ind2="3">
         <subfield code="a">forests</subfield>
      </datafield>
      <datafield tag="650" ind1=" " ind2="3">
         <subfield code="a">stand structure</subfield>
      </datafield>
      <datafield tag="650" ind1=" " ind2="3">
         <subfield code="a">sustainable forestry</subfield>
      </datafield>
      <datafield tag="650" ind1=" " ind2="3">
         <subfield code="a">timber production</subfield>
      </datafield>
      <datafield tag="650" ind1=" " ind2="3">
         <subfield code="a">trees</subfield>
      </datafield>
      <datafield tag="653" ind1=" " ind2="0">
         <subfield code="a">Structural index</subfield>
      </datafield>
      <datafield tag="653" ind1=" " ind2="0">
         <subfield code="a">Nearest neighbourhood relationship</subfield>
      </datafield>
      <datafield tag="653" ind1=" " ind2="0">
         <subfield code="a">Structural pattern</subfield>
      </datafield>
      <datafield tag="653" ind1=" " ind2="0">
         <subfield code="a">Forest management</subfield>
      </datafield>
      <datafield tag="700" ind1="1" ind2=" ">
         <subfield code="a">Korjus, Henn</subfield>
         <subfield code="e">author</subfield>
         <subfield code="u">Chair of Forest Management Planning and Wood Processing Technologies,
        Institute of Forestry and Rural Engineering, Estonian University of Life Sciences,
        Kreutzwaldi 5, Tartu 51006, Estonia</subfield>
         <subfield code="1">https://orcid.org/0000-0001-8522-7869</subfield>
      </datafield>
      <datafield tag="700" ind1="1" ind2=" ">
         <subfield code="a">Kiviste, Andres</subfield>
         <subfield code="e">author</subfield>
         <subfield code="u">Chair of Forest Management Planning and Wood Processing Technologies,
        Institute of Forestry and Rural Engineering, Estonian University of Life Sciences,
        Kreutzwaldi 5, Tartu 51006, Estonia</subfield>
      </datafield>
      <datafield tag="700" ind1="1" ind2=" ">
         <subfield code="a">Kangur, Ahto</subfield>
         <subfield code="e">author</subfield>
         <subfield code="u">Chair of Forest Management Planning and Wood Processing Technologies,
        Institute of Forestry and Rural Engineering, Estonian University of Life Sciences,
        Kreutzwaldi 5, Tartu 51006, Estonia</subfield>
      </datafield>
      <datafield tag="700" ind1="1" ind2=" ">
         <subfield code="a">Paluots, Teele</subfield>
         <subfield code="e">author</subfield>
         <subfield code="u">Chair of Forest Management Planning and Wood Processing Technologies,
        Institute of Forestry and Rural Engineering, Estonian University of Life Sciences,
        Kreutzwaldi 5, Tartu 51006, Estonia</subfield>
      </datafield>
      <datafield tag="700" ind1="1" ind2=" ">
         <subfield code="a">Laarmann, Diana</subfield>
         <subfield code="e">author</subfield>
         <subfield code="u">Chair of Forest Management Planning and Wood Processing Technologies,
        Institute of Forestry and Rural Engineering, Estonian University of Life Sciences,
        Kreutzwaldi 5, Tartu 51006, Estonia</subfield>
      </datafield>
      <datafield tag="773" ind1="0" ind2=" ">
         <subfield code="t">Ecological indicators.</subfield>
         <subfield code="g">2020 Mar., v. 110 p.105944-</subfield>
         <subfield code="d">Elsevier Ltd</subfield>
         <subfield code="w">Journal:6196</subfield>
         <subfield code="x">1470-160X</subfield>
         <subfield code="7">nnas</subfield>
      </datafield>
      <datafield tag="787" ind1="1" ind2=" ">
         <subfield code="o">islandora_article_repository</subfield>
      </datafield>
      <datafield tag="787" ind1="1" ind2=" ">
         <subfield code="o">product_pubag</subfield>
      </datafield>
      <datafield tag="787" ind1="1" ind2=" ">
         <subfield code="o">(Journal)6196</subfield>
      </datafield>
      <datafield tag="856" ind1="4" ind2="0">
         <subfield code="u">https://dx.doi.org/10.1016/j.ecolind.2019.105944</subfield>
         <subfield code="3">Available from publisher's site</subfield>
      </datafield>
      <datafield tag="912" ind1=" " ind2=" ">
         <subfield code="a">Article</subfield>
      </datafield>
      <datafield tag="914" ind1=" " ind2=" ">
         <subfield code="a">Journal:6196</subfield>
         <subfield code="b">1470-160X</subfield>
         <subfield code="e">105944</subfield>
      </datafield>
      <datafield tag="914" ind1=" " ind2=" ">
         <subfield code="f">Ecological indicators</subfield>
      </datafield>
      <datafield tag="916" ind1=" " ind2=" ">
         <subfield code="a">Batch:10112</subfield>
      </datafield>
      <datafield tag="917" ind1=" " ind2=" ">
         <subfield code="a">issued</subfield>
      </datafield>
      <datafield tag="918" ind1="2" ind2=" ">
         <subfield code="a">Elsevier Consyn</subfield>
         <subfield code="e">provider</subfield>
         <subfield code="5">DNAL</subfield>
      </datafield>
      <datafield tag="935" ind1=" " ind2=" ">
         <subfield code="a">IND606767913</subfield>
         <subfield code="9">ExL</subfield>
      </datafield>
      <datafield tag="949" ind1=" " ind2=" ">
         <subfield code="a">2021-04-20</subfield>
      </datafield>
      <datafield tag="953" ind1=" " ind2=" ">
         <subfield code="a">/data/metadata/incoming/consyn/522628696933303465-00004-HEAD-ONLY-NEW
        CONSYN ISSNS.zip</subfield>
      </datafield>
      <datafield tag="954" ind1=" " ind2=" ">
         <subfield code="a">file:/data/metadata/staging/consyn/S1470160X19309392.xml</subfield>
      </datafield>
      <datafield tag="955" ind1=" " ind2=" ">
         <subfield code="a">/data/metadata/staging/consyn/</subfield>
      </datafield>
      <datafield tag="974" ind1=" " ind2=" ">
         <subfield code="a">agid:6767913</subfield>
      </datafield>
      <datafield tag="983" ind1=" " ind2=" ">
         <subfield code="a">2020-02-21</subfield>
      </datafield>
      <datafield tag="984" ind1=" " ind2=" ">
         <subfield code="a">2021-04-20</subfield>
      </datafield>
   </record>