
   <!--Record: 247-->
   <record>
      <leader>04393nab a2200685 u 4500</leader>
      <controlfield tag="001">9916035738907426</controlfield>
      <controlfield tag="005">20221122063808.0</controlfield>
      <controlfield tag="008">151127e200408 xx |||||o|||||||||||eng||</controlfield>
      <datafield tag="016" ind1="7" ind2=" ">
         <subfield code="a">IND500651439</subfield>
         <subfield code="2">DNAL</subfield>
      </datafield>
      <datafield tag="024" ind1="7" ind2=" ">
         <subfield code="a">10.1111/j.1654-1103.2004.tb02294.x</subfield>
         <subfield code="2">doi</subfield>
      </datafield>
      <datafield tag="035" ind1=" " ind2=" ">
         <subfield code="a">agid:112805-01nal_inst</subfield>
      </datafield>
      <datafield tag="040" ind1=" " ind2=" ">
         <subfield code="a">AGL</subfield>
         <subfield code="b">eng</subfield>
         <subfield code="c">AGL</subfield>
      </datafield>
      <datafield tag="100" ind1="1" ind2=" ">
         <subfield code="a">Kint, Vincent</subfield>
         <subfield code="e">author</subfield>
         <subfield code="u">Laboratory of Forestry, Ghent University, Geraardsbergsesteenweg 267, 9090
        Melle-Gontrode, Belgium;;</subfield>
      </datafield>
      <datafield tag="245" ind1="1" ind2="0">
         <subfield code="a">Pathways of stand development in ageing Pinus sylvestris forests</subfield>
      </datafield>
      <datafield tag="300" ind1=" " ind2=" ">
         <subfield code="a">p. 549-560.</subfield>
      </datafield>
      <datafield tag="520" ind1=" " ind2=" ">
         <subfield code="a">Question: What are the main pathways of long-term stand development in
        forest ecosystems on oligotrophic and acidic sandy soils?Location: Nine forest reserves at
        different locations in The Netherlands; all ageing Pinus sylvestris forests that are no
        longer managed and where massive regeneration of broad-leaved species is often
        reported.Methods: Agglomerative cluster analysis was used to define structural classes from
        forest reserve data. Sequences of structural classes, representing different trajectories of
        stand development, were constructed with the aid of a process based gap model.Results: Four
        main pathways of stand development could be distinguished. Three pathways are linked to gap
        dynamics, and lead towards dominance of Betula, Quercus or Fagus. They differ in light
        availability for regeneration and/or seed tree availability. The fourth pathway comprises of
        development patterns after major disturbances.Conclusions: The new methodological approach,
        combining the empirical strength of forest reserve data with the predictive ability of a
        process based model, made it possible to detail and quantify insights into structure and
        dynamics of forests on poor sandy soils. Some factors not included in the study can
        substantially influence pathways, especially those where Quercus and Fagus potentially play
        an important role.Abbreviations: Be == Betula pendula and Betula pubescens; Fa == Fagus
        sylvatica; MPₚ == Model prediction for a simulation plot p; OVₚ,ₜ == output vector at time t
        of MPₚ; Pi == Pinus sylvestris; Qu == Quercus robur and/or Q. petraea; SC == Structural
        class; SCO == Structural class object.Nomenclature: De Langhe et al. (1988).</subfield>
      </datafield>
      <datafield tag="592" ind1=" " ind2=" ">
         <subfield code="a">Publisher supplied data</subfield>
      </datafield>
      <datafield tag="593" ind1=" " ind2=" ">
         <subfield code="a">PubAg article</subfield>
      </datafield>
      <datafield tag="650" ind1=" " ind2="3">
         <subfield code="a">Betula</subfield>
      </datafield>
      <datafield tag="650" ind1=" " ind2="3">
         <subfield code="a">Fagus</subfield>
      </datafield>
      <datafield tag="650" ind1=" " ind2="3">
         <subfield code="a">Pinus sylvestris</subfield>
      </datafield>
      <datafield tag="650" ind1=" " ind2="3">
         <subfield code="a">Quercus</subfield>
      </datafield>
      <datafield tag="650" ind1=" " ind2="3">
         <subfield code="a">cluster analysis</subfield>
      </datafield>
      <datafield tag="650" ind1=" " ind2="3">
         <subfield code="a">forest ecosystems</subfield>
      </datafield>
      <datafield tag="650" ind1=" " ind2="3">
         <subfield code="a">forest reserves</subfield>
      </datafield>
      <datafield tag="650" ind1=" " ind2="3">
         <subfield code="a">forests</subfield>
      </datafield>
      <datafield tag="650" ind1=" " ind2="3">
         <subfield code="a">models</subfield>
      </datafield>
      <datafield tag="650" ind1=" " ind2="3">
         <subfield code="a">sandy soils</subfield>
      </datafield>
      <datafield tag="650" ind1=" " ind2="3">
         <subfield code="a">trees</subfield>
      </datafield>
      <datafield tag="651" ind1=" " ind2="3">
         <subfield code="a">Netherlands</subfield>
      </datafield>
      <datafield tag="653" ind1=" " ind2="0">
         <subfield code="a">Cluster analysis</subfield>
      </datafield>
      <datafield tag="653" ind1=" " ind2="0">
         <subfield code="a">Forest reserve</subfield>
      </datafield>
      <datafield tag="653" ind1=" " ind2="0">
         <subfield code="a">Gap model</subfield>
      </datafield>
      <datafield tag="653" ind1=" " ind2="0">
         <subfield code="a">Structural class</subfield>
      </datafield>
      <datafield tag="653" ind1=" " ind2="0">
         <subfield code="a">The Netherlands</subfield>
      </datafield>
      <datafield tag="653" ind1=" " ind2="0">
         <subfield code="a">Vegetation dynamics</subfield>
      </datafield>
      <datafield tag="700" ind1="1" ind2=" ">
         <subfield code="a">Mohren, G. M J.</subfield>
         <subfield code="e">author</subfield>
         <subfield code="u">Forest Ecology and Forest Management Group, Wageningen-UR, P.O. Box 342,
        6700 AH-Wageningen, The Netherlands;</subfield>
      </datafield>
      <datafield tag="700" ind1="1" ind2=" ">
         <subfield code="a">Geudens, Guy</subfield>
         <subfield code="e">author</subfield>
         <subfield code="u">Laboratory of Forestry, Ghent University, Geraardsbergsesteenweg 267, 9090
        Melle-Gontrode, Belgium;;</subfield>
      </datafield>
      <datafield tag="700" ind1="1" ind2=" ">
         <subfield code="a">De Wulf, Robert</subfield>
         <subfield code="e">author</subfield>
         <subfield code="u">Laboratory of Forest Management and Spatial Information Techniques, Ghent
        University, Coupure Links 653, 9000 Ghent, Belgium;</subfield>
      </datafield>
      <datafield tag="700" ind1="1" ind2=" ">
         <subfield code="a">Lust, Noëël</subfield>
         <subfield code="e">author</subfield>
         <subfield code="u">Laboratory of Forestry, Ghent University, Geraardsbergsesteenweg 267, 9090
        Melle-Gontrode, Belgium;;</subfield>
      </datafield>
      <datafield tag="773" ind1="0" ind2=" ">
         <subfield code="t">Journal of vegetation science.</subfield>
         <subfield code="g">2004 Aug., v. 15, no. 4 p.549-560</subfield>
         <subfield code="d">Opulus Press</subfield>
         <subfield code="w">Journal:jnl46820</subfield>
         <subfield code="x">1100-9233</subfield>
         <subfield code="7">nnas</subfield>
      </datafield>
      <datafield tag="787" ind1="1" ind2=" ">
         <subfield code="o">islandora_article_repository</subfield>
      </datafield>
      <datafield tag="787" ind1="1" ind2=" ">
         <subfield code="o">product_pubag</subfield>
      </datafield>
      <datafield tag="787" ind1="1" ind2=" ">
         <subfield code="o">(Journal)jnl46820</subfield>
      </datafield>
      <datafield tag="856" ind1="4" ind2="0">
         <subfield code="u">https://doi.org/10.1111/j.1654-1103.2004.tb02294.x</subfield>
         <subfield code="3">Available from publisher's site</subfield>
      </datafield>
      <datafield tag="912" ind1=" " ind2=" ">
         <subfield code="a">Article</subfield>
      </datafield>
      <datafield tag="914" ind1=" " ind2=" ">
         <subfield code="a">Journal:jnl46820</subfield>
         <subfield code="b">1100-9233</subfield>
         <subfield code="c">15</subfield>
         <subfield code="d">4</subfield>
         <subfield code="e">549</subfield>
      </datafield>
      <datafield tag="914" ind1=" " ind2=" ">
         <subfield code="f">Journal of vegetation science</subfield>
      </datafield>
      <datafield tag="916" ind1=" " ind2=" ">
         <subfield code="a">Batch:663</subfield>
      </datafield>
      <datafield tag="917" ind1=" " ind2=" ">
         <subfield code="a">issued</subfield>
      </datafield>
      <datafield tag="918" ind1="2" ind2=" ">
         <subfield code="a">BioOne</subfield>
         <subfield code="e">provider</subfield>
         <subfield code="5">DNAL</subfield>
      </datafield>
      <datafield tag="935" ind1=" " ind2=" ">
         <subfield code="a">IND500651439</subfield>
         <subfield code="9">ExL</subfield>
      </datafield>
      <datafield tag="949" ind1=" " ind2=" ">
         <subfield code="a">2014-10-09</subfield>
      </datafield>
      <datafield tag="953" ind1=" " ind2=" ">
         <subfield code="a">VEGSv15i4-04290045-175009.zip</subfield>
      </datafield>
      <datafield tag="962" ind1=" " ind2=" ">
         <subfield code="a">Batch:663 annotated on 2014-09-16T12:27:54Z</subfield>
      </datafield>
      <datafield tag="962" ind1=" " ind2=" ">
         <subfield code="a">Batch:663 reviewed on 2014-10-08T16:00:02Z</subfield>
      </datafield>
      <datafield tag="962" ind1=" " ind2=" ">
         <subfield code="a">Batch:663 reviewed on 2014-10-09T04:00:02Z</subfield>
      </datafield>
      <datafield tag="974" ind1=" " ind2=" ">
         <subfield code="a">agid:112805</subfield>
      </datafield>
      <datafield tag="983" ind1=" " ind2=" ">
         <subfield code="a">2015-11-27</subfield>
      </datafield>
      <datafield tag="984" ind1=" " ind2=" ">
         <subfield code="a">2018-06-25</subfield>
      </datafield>
   </record>