
   <!--Record: 252-->
   <record>
      <leader>05555nab a2200709 u 4500</leader>
      <controlfield tag="001">9916036684607426</controlfield>
      <controlfield tag="005">20221117175935.0</controlfield>
      <controlfield tag="008">190604e201906 xx |||||o|||||||||||eng||</controlfield>
      <datafield tag="016" ind1="7" ind2=" ">
         <subfield code="a">IND606459006</subfield>
         <subfield code="2">DNAL</subfield>
      </datafield>
      <datafield tag="024" ind1="7" ind2=" ">
         <subfield code="a">10.1111/jbi.13576</subfield>
         <subfield code="2">doi</subfield>
      </datafield>
      <datafield tag="035" ind1=" " ind2=" ">
         <subfield code="a">agid:6459006-01nal_inst</subfield>
      </datafield>
      <datafield tag="040" ind1=" " ind2=" ">
         <subfield code="a">AGL</subfield>
         <subfield code="b">eng</subfield>
         <subfield code="c">AGL</subfield>
      </datafield>
      <datafield tag="100" ind1="1" ind2=" ">
         <subfield code="a">Akhmetzyanov, Linar</subfield>
         <subfield code="e">author</subfield>
         <subfield code="u">Forest Ecology and Forest Management Group, Wageningen University &amp;
        Research, Wageningen, The Netherlands</subfield>
         <subfield code="1">https://orcid.org/0000-0002-8130-6137</subfield>
      </datafield>
      <datafield tag="245" ind1="1" ind2="0">
         <subfield code="a">Multi‐variable approach pinpoints origin of oak wood with higher
        precision</subfield>
      </datafield>
      <datafield tag="300" ind1=" " ind2=" ">
         <subfield code="a">p. 1163-1177.</subfield>
      </datafield>
      <datafield tag="500" ind1=" " ind2=" ">
         <subfield code="a">JOURNAL ARTICLE</subfield>
      </datafield>
      <datafield tag="520" ind1=" " ind2=" ">
         <subfield code="a">AIM: Spatial variations of environmental conditions translate into
        biogeographical patterns of tree growth. This fact is used to identify the origin of timber
        by means of dendroprovenancing. Yet, dendroprovenancing attempts are commonly only based on
        ring‐width measurements, and largely neglect additional tree–ring variables. We explore the
        potential of using wood anatomy as a dendroprovenancing tool, and investigate whether it
        increases the precision of identifying the origin of oak wood. Since different tree–ring
        variables hold different information on environmental conditions prevailing at specific
        times of the growing season—which vary between source regions—we hypothesize that their
        inclusion allows more precise dendroprovenancing. LOCATION: Europe, Spain. TAXON: Quercus
        robur L., Quercus petraea (Matt.) Liebl., Quercus faginea Lam., Quercus pyrenaica Willd.
        METHODS: We sampled four oak species across Northern Spain, i.e. from the Basque country and
        Cantabria and—in the Basque country—from low to high elevation (topographic/latitudinal
        gradient). We measured multiple tree–ring variables to (a) extract complementary variables;
        (b) present statistical relations among them; (c) analyse region‐specific variation in their
        patterns based on time–series of individual trees; and (d) determine underlying
        climate–growth relationships. Leave‐one‐out analysis was used to test whether a combination
        of selected variables allowed dendroprovenancing of a randomly selected tree within the
        area. RESULTS: A combination of latewood width (LW) and earlywood vessel size was used to
        pinpoint the origin of oak wood with higher precision than ring width or LW only. Variation
        in LW pinpointed the wood to east and west areas, whereas variation in vessels assigned wood
        to locations along a latitudinal/topographic gradient. The climatic triggers behind these
        gradients are respectively an east–west gradient in June–July temperature and a north–south
        gradient in winter/spring temperatures. The leave‐one‐out analyses supported the robustness
        of these results. MAIN CONCLUSIONS: Integration of multiple wood–xylem anatomical variables
        analysed with multivariate techniques leads to higher precision in the dendroprovenancing of
        ring‐porous oak species.</subfield>
      </datafield>
      <datafield tag="592" ind1=" " ind2=" ">
         <subfield code="a">Publisher supplied data</subfield>
      </datafield>
      <datafield tag="593" ind1=" " ind2=" ">
         <subfield code="a">PubAg article</subfield>
      </datafield>
      <datafield tag="596" ind1=" " ind2=" ">
         <subfield code="a">607545</subfield>
         <subfield code="c">FP7 People: Marie‐Curie Actions</subfield>
      </datafield>
      <datafield tag="650" ind1=" " ind2="3">
         <subfield code="a">Quercus faginea</subfield>
      </datafield>
      <datafield tag="650" ind1=" " ind2="3">
         <subfield code="a">Quercus petraea</subfield>
      </datafield>
      <datafield tag="650" ind1=" " ind2="3">
         <subfield code="a">Quercus pyrenaica</subfield>
      </datafield>
      <datafield tag="650" ind1=" " ind2="3">
         <subfield code="a">Quercus robur</subfield>
      </datafield>
      <datafield tag="650" ind1=" " ind2="3">
         <subfield code="a">altitude</subfield>
      </datafield>
      <datafield tag="650" ind1=" " ind2="3">
         <subfield code="a">earlywood</subfield>
      </datafield>
      <datafield tag="650" ind1=" " ind2="3">
         <subfield code="a">latewood</subfield>
      </datafield>
      <datafield tag="650" ind1=" " ind2="3">
         <subfield code="a">multivariate analysis</subfield>
      </datafield>
      <datafield tag="650" ind1=" " ind2="3">
         <subfield code="a">spring</subfield>
      </datafield>
      <datafield tag="650" ind1=" " ind2="3">
         <subfield code="a">temperature</subfield>
      </datafield>
      <datafield tag="650" ind1=" " ind2="3">
         <subfield code="a">time series analysis</subfield>
      </datafield>
      <datafield tag="650" ind1=" " ind2="3">
         <subfield code="a">tree growth</subfield>
      </datafield>
      <datafield tag="650" ind1=" " ind2="3">
         <subfield code="a">trees</subfield>
      </datafield>
      <datafield tag="650" ind1=" " ind2="3">
         <subfield code="a">winter</subfield>
      </datafield>
      <datafield tag="650" ind1=" " ind2="3">
         <subfield code="a">wood</subfield>
      </datafield>
      <datafield tag="651" ind1=" " ind2="3">
         <subfield code="a">Spain</subfield>
      </datafield>
      <datafield tag="700" ind1="1" ind2=" ">
         <subfield code="a">Buras, Allan</subfield>
         <subfield code="e">author</subfield>
         <subfield code="u">Forest Ecology and Forest Management Group, Wageningen University &amp;
        Research, Wageningen, The Netherlands</subfield>
      </datafield>
      <datafield tag="700" ind1="1" ind2=" ">
         <subfield code="a">Sass‐Klaassen, Ute</subfield>
         <subfield code="e">author</subfield>
         <subfield code="u">Forest Ecology and Forest Management Group, Wageningen University &amp;
        Research, Wageningen, The Netherlands</subfield>
      </datafield>
      <datafield tag="700" ind1="1" ind2=" ">
         <subfield code="a">den Ouden, Jan</subfield>
         <subfield code="e">author</subfield>
         <subfield code="u">Forest Ecology and Forest Management Group, Wageningen University &amp;
        Research, Wageningen, The Netherlands</subfield>
      </datafield>
      <datafield tag="700" ind1="1" ind2=" ">
         <subfield code="a">Mohren, Frits</subfield>
         <subfield code="e">author</subfield>
         <subfield code="u">Forest Ecology and Forest Management Group, Wageningen University &amp;
        Research, Wageningen, The Netherlands</subfield>
      </datafield>
      <datafield tag="700" ind1="1" ind2=" ">
         <subfield code="a">Groenendijk, Peter</subfield>
         <subfield code="e">author</subfield>
         <subfield code="u">Departamento de Botánica, Escola Politécnica Superior de Enxeñaría,
        Universidade de Santiago de Compostela, Lugo, Spain</subfield>
      </datafield>
      <datafield tag="700" ind1="1" ind2=" ">
         <subfield code="a">García‐González, Ignacio</subfield>
         <subfield code="e">author</subfield>
         <subfield code="u">Departamento de Botánica, Escola Politécnica Superior de Enxeñaría,
        Universidade de Santiago de Compostela, Lugo, Spain</subfield>
         <subfield code="1">https://orcid.org/0000-0001-8460-2401</subfield>
      </datafield>
      <datafield tag="773" ind1="0" ind2=" ">
         <subfield code="t">Journal of biogeography.</subfield>
         <subfield code="g">2019 June, v. 46, no. 6 p.1163-1177</subfield>
         <subfield code="d">John Wiley &amp; Sons, Ltd</subfield>
         <subfield code="w">Journal:jnl9765</subfield>
         <subfield code="x">0305-0270</subfield>
         <subfield code="7">nnas</subfield>
      </datafield>
      <datafield tag="787" ind1="1" ind2=" ">
         <subfield code="o">islandora_article_repository</subfield>
      </datafield>
      <datafield tag="787" ind1="1" ind2=" ">
         <subfield code="o">product_pubag</subfield>
      </datafield>
      <datafield tag="787" ind1="1" ind2=" ">
         <subfield code="o">(Journal)jnl9765</subfield>
      </datafield>
      <datafield tag="856" ind1="4" ind2="0">
         <subfield code="u">http://dx.doi.org/10.1111/jbi.13576</subfield>
         <subfield code="3">Available from publisher's site</subfield>
      </datafield>
      <datafield tag="912" ind1=" " ind2=" ">
         <subfield code="a">Article</subfield>
      </datafield>
      <datafield tag="914" ind1=" " ind2=" ">
         <subfield code="a">Journal:jnl9765</subfield>
         <subfield code="b">0305-0270</subfield>
         <subfield code="c">46</subfield>
         <subfield code="d">6</subfield>
         <subfield code="e">1163</subfield>
      </datafield>
      <datafield tag="914" ind1=" " ind2=" ">
         <subfield code="f">Journal of biogeography</subfield>
      </datafield>
      <datafield tag="916" ind1=" " ind2=" ">
         <subfield code="a">Batch:2260</subfield>
      </datafield>
      <datafield tag="917" ind1=" " ind2=" ">
         <subfield code="a">issued</subfield>
      </datafield>
      <datafield tag="918" ind1="2" ind2=" ">
         <subfield code="a">John Wiley &amp; Sons, Inc</subfield>
         <subfield code="e">provider</subfield>
         <subfield code="5">DNAL</subfield>
      </datafield>
      <datafield tag="935" ind1=" " ind2=" ">
         <subfield code="a">IND606459006</subfield>
         <subfield code="9">ExL</subfield>
      </datafield>
      <datafield tag="949" ind1=" " ind2=" ">
         <subfield code="a">2019-07-25</subfield>
      </datafield>
      <datafield tag="953" ind1=" " ind2=" ">
         <subfield code="a">/data/metadata/incoming/wiley/03050270_2019_46_6.xml</subfield>
      </datafield>
      <datafield tag="954" ind1=" " ind2=" ">
         <subfield code="a">file:/data/metadata/staging/wiley/03050270_2019_46_6.xml</subfield>
      </datafield>
      <datafield tag="955" ind1=" " ind2=" ">
         <subfield code="a">/data/metadata/staging/wiley/</subfield>
      </datafield>
      <datafield tag="962" ind1=" " ind2=" ">
         <subfield code="a">Batch:2260 reviewed on 2019-07-25T15:00:08Z</subfield>
      </datafield>
      <datafield tag="974" ind1=" " ind2=" ">
         <subfield code="a">agid:6459006</subfield>
      </datafield>
      <datafield tag="983" ind1=" " ind2=" ">
         <subfield code="a">2019-06-04</subfield>
      </datafield>
      <datafield tag="984" ind1=" " ind2=" ">
         <subfield code="a">2019-07-25</subfield>
      </datafield>
   </record>