
   <!--Record: 256-->
   <record>
      <leader>04897nab a2200697 u 4500</leader>
      <controlfield tag="001">9916037506907426</controlfield>
      <controlfield tag="005">20221122150829.0</controlfield>
      <controlfield tag="008">190403e20140501xx |||||o|||||||||||eng||</controlfield>
      <datafield tag="016" ind1="7" ind2=" ">
         <subfield code="a">IND605425298</subfield>
         <subfield code="2">DNAL</subfield>
      </datafield>
      <datafield tag="024" ind1="7" ind2=" ">
         <subfield code="a">10.1016/j.foreco.2014.02.002</subfield>
         <subfield code="2">doi</subfield>
      </datafield>
      <datafield tag="035" ind1=" " ind2=" ">
         <subfield code="a">agid:5425298-01nal_inst</subfield>
      </datafield>
      <datafield tag="040" ind1=" " ind2=" ">
         <subfield code="a">AGL</subfield>
         <subfield code="b">eng</subfield>
         <subfield code="c">AGL</subfield>
      </datafield>
      <datafield tag="100" ind1="1" ind2=" ">
         <subfield code="a">Kremer, Nicolas J.</subfield>
         <subfield code="e">author</subfield>
         <subfield code="u">Bordeaux Sciences Agro, CS 40201, 33175 Gradignan, Bordeaux,
        France</subfield>
      </datafield>
      <datafield tag="245" ind1="1" ind2="0">
         <subfield code="a">Conifer reinvasion of montane meadows following experimental tree removal
        and prescribed burning</subfield>
      </datafield>
      <datafield tag="300" ind1=" " ind2=" ">
         <subfield code="a">p. 128-137.</subfield>
      </datafield>
      <datafield tag="500" ind1=" " ind2=" ">
         <subfield code="a">2019-12-06</subfield>
      </datafield>
      <datafield tag="520" ind1=" " ind2=" ">
         <subfield code="a">Tree invasion of mountain grasslands and meadows, pervasive throughout
        western North America, has become a management concern. Restoration of these systems
        requires tree removal and possibly prescribed burning; however, subsequent reinvasion by
        trees may compromise these efforts. In this study, we assess patterns of tree seedling
        establishment 8years after tree removal (with and without burning) from 1-ha experimental
        plots in conifer-invaded meadows in the Oregon Cascades. We quantify variation in the
        timing, spatial distribution, and density of establishment of species with differing seral
        roles; compare effects of burning; and explore relationships with distance to and
        characteristics of adjacent, residual forests. Seedlings established continuously after tree
        removal, dominated by late-seral Abies grandis (cumulative plot densities of 116–460/ha).
        Early-seral Pinus contorta and Pseudotsuga menziesii were much less abundant (0–25 and
        1–52/ha, respectively). Frequency (percentage of 5×5m subplots) and density of seedlings did
        not differ between treatments (burned vs. unburned), nor did seedling growth rates (inferred
        from height-age relationships). Seedling spatial distributions and relationships with
        distance to adjacent forest varied both within and among plots. On average, however,
        seedlings were concentrated along edges. In the 5-m outer band of subplots, frequency
        averaged 37% and density, 682/ha, compared to 18% and 140/ha in the remaining cores of the
        plots. Density of Abies was significantly greater along more shaded southern edges
        (north-facing) than along more exposed northern edges (south-facing), but it declined
        steeply with distance from edge, especially for southern edges. Plot-level density of Abies
        seedlings was also correlated with basal area of Abies in the adjacent forest (but not with
        tree density or summed height). Strong relationships of seedlings with distance, exposure,
        and characteristics of adjacent forests suggest that conifer reinvasion can be minimized by
        targeting tree removal to maximize distances to residual trees. However, absence of a
        treatment effect suggests that burning—critical for reducing woody residues—does not
        increase the probability of seedling establishment, particularly in systems in which
        late-seral species are the principal colonists.</subfield>
      </datafield>
      <datafield tag="592" ind1=" " ind2=" ">
         <subfield code="a">Publisher supplied data</subfield>
      </datafield>
      <datafield tag="593" ind1=" " ind2=" ">
         <subfield code="a">PubAg article</subfield>
      </datafield>
      <datafield tag="650" ind1=" " ind2="3">
         <subfield code="a">seedling growth</subfield>
      </datafield>
      <datafield tag="650" ind1=" " ind2="3">
         <subfield code="a">forests</subfield>
      </datafield>
      <datafield tag="650" ind1=" " ind2="3">
         <subfield code="a">probability</subfield>
      </datafield>
      <datafield tag="650" ind1=" " ind2="3">
         <subfield code="a">meadows</subfield>
      </datafield>
      <datafield tag="650" ind1=" " ind2="3">
         <subfield code="a">seedlings</subfield>
      </datafield>
      <datafield tag="650" ind1=" " ind2="3">
         <subfield code="a">ecological invasion</subfield>
      </datafield>
      <datafield tag="650" ind1=" " ind2="3">
         <subfield code="a">Pinus contorta</subfield>
      </datafield>
      <datafield tag="650" ind1=" " ind2="3">
         <subfield code="a">trees</subfield>
      </datafield>
      <datafield tag="650" ind1=" " ind2="3">
         <subfield code="a">prescribed burning</subfield>
      </datafield>
      <datafield tag="650" ind1=" " ind2="3">
         <subfield code="a">Pseudotsuga menziesii</subfield>
      </datafield>
      <datafield tag="650" ind1=" " ind2="3">
         <subfield code="a">conifers</subfield>
      </datafield>
      <datafield tag="650" ind1=" " ind2="3">
         <subfield code="a">stand basal area</subfield>
      </datafield>
      <datafield tag="650" ind1=" " ind2="3">
         <subfield code="a">Abies grandis</subfield>
      </datafield>
      <datafield tag="651" ind1=" " ind2="3">
         <subfield code="a">Oregon</subfield>
      </datafield>
      <datafield tag="653" ind1=" " ind2="0">
         <subfield code="a">Meadow restoration</subfield>
      </datafield>
      <datafield tag="653" ind1=" " ind2="0">
         <subfield code="a">Conifer establishment</subfield>
      </datafield>
      <datafield tag="653" ind1=" " ind2="0">
         <subfield code="a">Edge effects</subfield>
      </datafield>
      <datafield tag="653" ind1=" " ind2="0">
         <subfield code="a">Seedling establishment</subfield>
      </datafield>
      <datafield tag="653" ind1=" " ind2="0">
         <subfield code="a">Forest influence</subfield>
      </datafield>
      <datafield tag="653" ind1=" " ind2="0">
         <subfield code="a">basal area</subfield>
      </datafield>
      <datafield tag="653" ind1=" " ind2="0">
         <subfield code="a">Seed dispersal</subfield>
      </datafield>
      <datafield tag="700" ind1="1" ind2=" ">
         <subfield code="a">Halpern, Charles B.</subfield>
         <subfield code="e">author</subfield>
         <subfield code="u">School of Environmental and Forest Sciences, College of the Environment,
        University of Washington, Seattle, WA 98195, USA</subfield>
      </datafield>
      <datafield tag="700" ind1="1" ind2=" ">
         <subfield code="a">Antos, Joseph A.</subfield>
         <subfield code="e">author</subfield>
         <subfield code="u">Department of Biology, P.O. Box 3020, University of Victoria, Victoria,
        British Columbia V8W 3N5, Canada</subfield>
      </datafield>
      <datafield tag="773" ind1="0" ind2=" ">
         <subfield code="t">Forest ecology and management.</subfield>
         <subfield code="g">2014 May 01, v. 319 p.128-137</subfield>
         <subfield code="d">Elsevier B.V.</subfield>
         <subfield code="w">Journal:jnl9013</subfield>
         <subfield code="x">0378-1127</subfield>
         <subfield code="7">nnas</subfield>
      </datafield>
      <datafield tag="787" ind1="1" ind2=" ">
         <subfield code="o">islandora_article_repository</subfield>
      </datafield>
      <datafield tag="787" ind1="1" ind2=" ">
         <subfield code="o">product_pubag</subfield>
      </datafield>
      <datafield tag="787" ind1="1" ind2=" ">
         <subfield code="o">(Journal)jnl9013</subfield>
      </datafield>
      <datafield tag="856" ind1="4" ind2="0">
         <subfield code="u">https://dx.doi.org/10.1016/j.foreco.2014.02.002</subfield>
         <subfield code="3">Available from publisher's site</subfield>
      </datafield>
      <datafield tag="912" ind1=" " ind2=" ">
         <subfield code="a">Article</subfield>
      </datafield>
      <datafield tag="914" ind1=" " ind2=" ">
         <subfield code="a">Journal:jnl9013</subfield>
         <subfield code="b">0378-1127</subfield>
         <subfield code="c">319</subfield>
         <subfield code="e">128</subfield>
      </datafield>
      <datafield tag="914" ind1=" " ind2=" ">
         <subfield code="f">Forest ecology and management</subfield>
      </datafield>
      <datafield tag="916" ind1=" " ind2=" ">
         <subfield code="a">Batch:1428</subfield>
      </datafield>
      <datafield tag="917" ind1=" " ind2=" ">
         <subfield code="a">issued</subfield>
      </datafield>
      <datafield tag="918" ind1="2" ind2=" ">
         <subfield code="a">Elsevier Consyn</subfield>
         <subfield code="e">provider</subfield>
         <subfield code="5">DNAL</subfield>
      </datafield>
      <datafield tag="935" ind1=" " ind2=" ">
         <subfield code="a">IND605425298</subfield>
         <subfield code="9">ExL</subfield>
      </datafield>
      <datafield tag="949" ind1=" " ind2=" ">
         <subfield code="a">2019-04-03</subfield>
      </datafield>
      <datafield tag="953" ind1=" " ind2=" ">
         <subfield code="a">/data/metadata/incoming/consyn-backfiles/46-2-00064-HEAD-ONLY.zip</subfield>
      </datafield>
      <datafield tag="954" ind1=" " ind2=" ">
         <subfield code="a">file:/data/metadata/staging/consyn-backfiles/S0378112714000875.xml</subfield>
      </datafield>
      <datafield tag="955" ind1=" " ind2=" ">
         <subfield code="a">/data/metadata/staging/consyn-backfiles/</subfield>
      </datafield>
      <datafield tag="974" ind1=" " ind2=" ">
         <subfield code="a">agid:5425298</subfield>
      </datafield>
      <datafield tag="983" ind1=" " ind2=" ">
         <subfield code="a">2019-04-03</subfield>
      </datafield>
      <datafield tag="984" ind1=" " ind2=" ">
         <subfield code="a">2019-04-03</subfield>
      </datafield>
   </record>