
   <!--Record: 257-->
   <record>
      <leader>04911nab a2200733 u 4500</leader>
      <controlfield tag="001">9916037612107426</controlfield>
      <controlfield tag="005">20221120120039.0</controlfield>
      <controlfield tag="008">190403e20140215xx |||||o|||||||||||eng||</controlfield>
      <datafield tag="016" ind1="7" ind2=" ">
         <subfield code="a">IND605425214</subfield>
         <subfield code="2">DNAL</subfield>
      </datafield>
      <datafield tag="024" ind1="7" ind2=" ">
         <subfield code="a">10.1016/j.foreco.2013.11.037</subfield>
         <subfield code="2">doi</subfield>
      </datafield>
      <datafield tag="035" ind1=" " ind2=" ">
         <subfield code="a">agid:5425214-01nal_inst</subfield>
      </datafield>
      <datafield tag="040" ind1=" " ind2=" ">
         <subfield code="a">AGL</subfield>
         <subfield code="b">eng</subfield>
         <subfield code="c">AGL</subfield>
      </datafield>
      <datafield tag="100" ind1="1" ind2=" ">
         <subfield code="a">Mathisen, Karen Marie</subfield>
         <subfield code="e">author</subfield>
         <subfield code="u">Department of Forestry and Wildlife Management, Faculty of Applied Ecology
        and Agricultural Sciences, Hedmark University College, Campus Evenstad, NO-2480 Koppang,
        Norway</subfield>
      </datafield>
      <datafield tag="245" ind1="1" ind2="0">
         <subfield code="a">Long-term effects of supplementary feeding of moose on browsing impact at a
        landscape scale</subfield>
      </datafield>
      <datafield tag="300" ind1=" " ind2=" ">
         <subfield code="a">p. 104-111.</subfield>
      </datafield>
      <datafield tag="520" ind1=" " ind2=" ">
         <subfield code="a">Supplementary, or diversionary feeding of wildlife is a common management
        practice, increasingly used to reduce or divert herbivore impact from sensitive habitats,
        forestry or agriculture. The landscape-scale spatial distribution of herbivory in relation
        to diversionary feeding is relevant to wildlife and land management, yet has never been
        quantified. We considered multiple hypotheses, based on central-place foraging theory, to
        investigate how landscape-scale browsing impact changed as a function of distance from
        feeding stations and thereby test the effectiveness of diversionary feeding. We assessed the
        landscape-scale browsing impact of moose by quantifying browsing patterns and moose density
        in commercially-valuable young Scots pine stands in an area of South-East Norway with a long
        history of winter feeding. We also used positions from GPS-collared female moose to
        investigate the spatial distribution of individuals across the landscape. Moose density and
        browsing impact at the local spatial scale (&lt;1km) followed an exponential decrease with
        distance from diversionary feeding stations. However, at the landscape scale (1–10km),
        browsing impact did not show any relationship with distance to feeding stations. Leader stem
        browsing on Scots pine trees was high at both the local (68±12%) and landscape (59±8%)
        scales. In addition, browsing on commercially valuable Norway spruce, which is normally
        avoided by moose, was locally high around feeding stations. Long-term diversionary feeding
        of moose is ineffective in diverting browsing impact from young pine stands at the landscape
        scale, as currently practiced. Browsing on commercially-important tree species was
        sufficiently high that economic consequences could be expected. To avoid further conflict,
        we suggest a combination of reducing moose density and increasing the availability of
        natural or higher quality supplementary forage.</subfield>
      </datafield>
      <datafield tag="592" ind1=" " ind2=" ">
         <subfield code="a">Publisher supplied data</subfield>
      </datafield>
      <datafield tag="593" ind1=" " ind2=" ">
         <subfield code="a">PubAg article</subfield>
      </datafield>
      <datafield tag="650" ind1=" " ind2="3">
         <subfield code="a">Alces alces</subfield>
      </datafield>
      <datafield tag="650" ind1=" " ind2="3">
         <subfield code="a">Picea abies</subfield>
      </datafield>
      <datafield tag="650" ind1=" " ind2="3">
         <subfield code="a">Pinus sylvestris</subfield>
      </datafield>
      <datafield tag="650" ind1=" " ind2="3">
         <subfield code="a">animal feeding</subfield>
      </datafield>
      <datafield tag="650" ind1=" " ind2="3">
         <subfield code="a">browsing</subfield>
      </datafield>
      <datafield tag="650" ind1=" " ind2="3">
         <subfield code="a">dietary supplements</subfield>
      </datafield>
      <datafield tag="650" ind1=" " ind2="3">
         <subfield code="a">females</subfield>
      </datafield>
      <datafield tag="650" ind1=" " ind2="3">
         <subfield code="a">forage</subfield>
      </datafield>
      <datafield tag="650" ind1=" " ind2="3">
         <subfield code="a">foraging</subfield>
      </datafield>
      <datafield tag="650" ind1=" " ind2="3">
         <subfield code="a">forestry</subfield>
      </datafield>
      <datafield tag="650" ind1=" " ind2="3">
         <subfield code="a">habitats</subfield>
      </datafield>
      <datafield tag="650" ind1=" " ind2="3">
         <subfield code="a">herbivores</subfield>
      </datafield>
      <datafield tag="650" ind1=" " ind2="3">
         <subfield code="a">land management</subfield>
      </datafield>
      <datafield tag="650" ind1=" " ind2="3">
         <subfield code="a">landscapes</subfield>
      </datafield>
      <datafield tag="650" ind1=" " ind2="3">
         <subfield code="a">long term effects</subfield>
      </datafield>
      <datafield tag="650" ind1=" " ind2="3">
         <subfield code="a">trees</subfield>
      </datafield>
      <datafield tag="650" ind1=" " ind2="3">
         <subfield code="a">wildlife</subfield>
      </datafield>
      <datafield tag="651" ind1=" " ind2="3">
         <subfield code="a">Norway</subfield>
      </datafield>
      <datafield tag="653" ind1=" " ind2="0">
         <subfield code="a">Alces alces</subfield>
      </datafield>
      <datafield tag="653" ind1=" " ind2="0">
         <subfield code="a">Browsing impact</subfield>
      </datafield>
      <datafield tag="653" ind1=" " ind2="0">
         <subfield code="a">Central-place foraging</subfield>
      </datafield>
      <datafield tag="653" ind1=" " ind2="0">
         <subfield code="a">Pinus sylvestris</subfield>
      </datafield>
      <datafield tag="653" ind1=" " ind2="0">
         <subfield code="a">Supplemental feeding</subfield>
      </datafield>
      <datafield tag="653" ind1=" " ind2="0">
         <subfield code="a">Diversionary feeding</subfield>
      </datafield>
      <datafield tag="700" ind1="1" ind2=" ">
         <subfield code="a">Milner, Jos M.</subfield>
         <subfield code="e">author</subfield>
         <subfield code="u">Department of Forestry and Wildlife Management, Faculty of Applied Ecology
        and Agricultural Sciences, Hedmark University College, Campus Evenstad, NO-2480 Koppang,
        Norway</subfield>
      </datafield>
      <datafield tag="700" ind1="1" ind2=" ">
         <subfield code="a">van Beest, Floris M.</subfield>
         <subfield code="e">author</subfield>
         <subfield code="u">Department of Forestry and Wildlife Management, Faculty of Applied Ecology
        and Agricultural Sciences, Hedmark University College, Campus Evenstad, NO-2480 Koppang,
        Norway</subfield>
      </datafield>
      <datafield tag="700" ind1="1" ind2=" ">
         <subfield code="a">Skarpe, Christina</subfield>
         <subfield code="e">author</subfield>
         <subfield code="u">Department of Forestry and Wildlife Management, Faculty of Applied Ecology
        and Agricultural Sciences, Hedmark University College, Campus Evenstad, NO-2480 Koppang,
        Norway</subfield>
      </datafield>
      <datafield tag="773" ind1="0" ind2=" ">
         <subfield code="t">Forest ecology and management.</subfield>
         <subfield code="g">2014 Feb. 15, v. 314 p.104-111</subfield>
         <subfield code="d">Elsevier B.V.</subfield>
         <subfield code="w">Journal:jnl9013</subfield>
         <subfield code="x">0378-1127</subfield>
         <subfield code="7">nnas</subfield>
      </datafield>
      <datafield tag="787" ind1="1" ind2=" ">
         <subfield code="o">islandora_article_repository</subfield>
      </datafield>
      <datafield tag="787" ind1="1" ind2=" ">
         <subfield code="o">product_pubag</subfield>
      </datafield>
      <datafield tag="787" ind1="1" ind2=" ">
         <subfield code="o">(Journal)jnl9013</subfield>
      </datafield>
      <datafield tag="856" ind1="4" ind2="0">
         <subfield code="u">https://dx.doi.org/10.1016/j.foreco.2013.11.037</subfield>
         <subfield code="3">Available from publisher's site</subfield>
      </datafield>
      <datafield tag="912" ind1=" " ind2=" ">
         <subfield code="a">Article</subfield>
      </datafield>
      <datafield tag="914" ind1=" " ind2=" ">
         <subfield code="a">Journal:jnl9013</subfield>
         <subfield code="b">0378-1127</subfield>
         <subfield code="c">314</subfield>
         <subfield code="e">104</subfield>
      </datafield>
      <datafield tag="914" ind1=" " ind2=" ">
         <subfield code="f">Forest ecology and management</subfield>
      </datafield>
      <datafield tag="916" ind1=" " ind2=" ">
         <subfield code="a">Batch:1428</subfield>
      </datafield>
      <datafield tag="917" ind1=" " ind2=" ">
         <subfield code="a">issued</subfield>
      </datafield>
      <datafield tag="918" ind1="2" ind2=" ">
         <subfield code="a">Elsevier Consyn</subfield>
         <subfield code="e">provider</subfield>
         <subfield code="5">DNAL</subfield>
      </datafield>
      <datafield tag="935" ind1=" " ind2=" ">
         <subfield code="a">IND605425214</subfield>
         <subfield code="9">ExL</subfield>
      </datafield>
      <datafield tag="949" ind1=" " ind2=" ">
         <subfield code="a">2019-04-03</subfield>
      </datafield>
      <datafield tag="953" ind1=" " ind2=" ">
         <subfield code="a">/data/metadata/incoming/consyn-backfiles/46-2-00064-HEAD-ONLY.zip</subfield>
      </datafield>
      <datafield tag="954" ind1=" " ind2=" ">
         <subfield code="a">file:/data/metadata/staging/consyn-backfiles/S0378112713007925.xml</subfield>
      </datafield>
      <datafield tag="955" ind1=" " ind2=" ">
         <subfield code="a">/data/metadata/staging/consyn-backfiles/</subfield>
      </datafield>
      <datafield tag="974" ind1=" " ind2=" ">
         <subfield code="a">agid:5425214</subfield>
      </datafield>
      <datafield tag="983" ind1=" " ind2=" ">
         <subfield code="a">2019-04-03</subfield>
      </datafield>
      <datafield tag="984" ind1=" " ind2=" ">
         <subfield code="a">2019-04-03</subfield>
      </datafield>
   </record>