
   <!--Record: 261-->
   <record>
      <leader>05676nab a2200709 u 4500</leader>
      <controlfield tag="001">9916037663507426</controlfield>
      <controlfield tag="005">20221120164122.0</controlfield>
      <controlfield tag="008">210108e202010 xx |||||o|||||||||||eng||</controlfield>
      <datafield tag="016" ind1="7" ind2=" ">
         <subfield code="a">IND607092622</subfield>
         <subfield code="2">DNAL</subfield>
      </datafield>
      <datafield tag="024" ind1="7" ind2=" ">
         <subfield code="a">10.1007/s11676-019-00955-4</subfield>
         <subfield code="2">doi</subfield>
      </datafield>
      <datafield tag="035" ind1=" " ind2=" ">
         <subfield code="a">agid:7092622-01nal_inst</subfield>
      </datafield>
      <datafield tag="040" ind1=" " ind2=" ">
         <subfield code="a">AGL</subfield>
         <subfield code="b">eng</subfield>
         <subfield code="c">AGL</subfield>
      </datafield>
      <datafield tag="100" ind1="1" ind2=" ">
         <subfield code="a">Balima, Larba Hubert</subfield>
         <subfield code="e">author</subfield>
         <subfield code="u">West African Science Service Centre on Climate Change and Adapted Land Use
        (WASCAL), Graduate Research Program on Climate Change and Biodiversity, UFR Biosciences,
        University Félix Houphoüet Boigny, B.P. 165, Abidjan 31, Côte d’Ivoire.
        lhubertbalima@gmail.com</subfield>
      </datafield>
      <datafield tag="245" ind1="1" ind2="0">
         <subfield code="a">Aboveground biomass allometric equations and distribution of carbon stocks
        of the African oak (Afzelia africana Sm.) in Burkina Faso</subfield>
      </datafield>
      <datafield tag="300" ind1=" " ind2=" ">
         <subfield code="a">p. 1699-1711.</subfield>
      </datafield>
      <datafield tag="520" ind1=" " ind2=" ">
         <subfield code="a">The significant role of tropical forest ecosystems in the global carbon
        budget has increased the need for accurate estimates of tropical forest biomass. The lack of
        large-scale biomass allometric equations hampers the understanding of the spatial
        distribution of tree biomass and carbon stocks and their influencing factors in West Africa.
        This study aimed to develop allometric equations to estimate aboveground biomass of African
        oak (Afzelia africana Sm.) in Burkina Faso and to analyze factors affecting the variability
        of tree biomass and carbon storage. Sixty individual trees were destructively sampled in
        four protected areas along two climatic zones. In each climatic zone, log–log models were
        tested and fitted to each aboveground biomass component and to the total aboveground
        biomass. Carbon content in tree aboveground components was evaluated using the ash method.
        All validated equations showed good fit and performance with high explained variance.
        Allometric equations differed between the Sudano-sahelian zone and the Sudanian zone, except
        for leaf biomass equations. Both biomass allocation and carbon content varied significantly
        between tree components but not between climatic zones. Carbon content in tree components
        followed the patterns of biomass allocation with branches accounting for the highest
        proportion. In the two climatic zones, carbon contents were 50.18–52.62% for leaves,
        54.78–54.94% for stems and 54.96–55.99% for branches. Dry biomass ranged from 509.05 to
        765.56 kg tree⁻¹ at site level and from 620.21 to 624.48 kg tree⁻¹ along climatic zones.
        Carbon content varied from 53.90% in the Sudano-sahelian zone to 54.39% in the Sudanian
        zone. This study indicated that climate does not influence aboveground biomass production
        and carbon sequestration of Afzelia africana along the Sudano-sahelian and the Sudanian
        climatic zones of Burkina Faso. Future studies on climate–growth relationships should
        contribute to better understanding climate effects on biomass production and carbon
        storage.</subfield>
      </datafield>
      <datafield tag="592" ind1=" " ind2=" ">
         <subfield code="a">Publisher supplied data</subfield>
      </datafield>
      <datafield tag="593" ind1=" " ind2=" ">
         <subfield code="a">PubAg article</subfield>
      </datafield>
      <datafield tag="650" ind1=" " ind2="3">
         <subfield code="a">Afzelia africana</subfield>
      </datafield>
      <datafield tag="650" ind1=" " ind2="3">
         <subfield code="a">aboveground biomass</subfield>
      </datafield>
      <datafield tag="650" ind1=" " ind2="3">
         <subfield code="a">allometry</subfield>
      </datafield>
      <datafield tag="650" ind1=" " ind2="3">
         <subfield code="a">biomass production</subfield>
      </datafield>
      <datafield tag="650" ind1=" " ind2="3">
         <subfield code="a">branches</subfield>
      </datafield>
      <datafield tag="650" ind1=" " ind2="3">
         <subfield code="a">carbon</subfield>
      </datafield>
      <datafield tag="650" ind1=" " ind2="3">
         <subfield code="a">carbon sequestration</subfield>
      </datafield>
      <datafield tag="650" ind1=" " ind2="3">
         <subfield code="a">carbon sinks</subfield>
      </datafield>
      <datafield tag="650" ind1=" " ind2="3">
         <subfield code="a">climatic zones</subfield>
      </datafield>
      <datafield tag="650" ind1=" " ind2="3">
         <subfield code="a">conservation areas</subfield>
      </datafield>
      <datafield tag="650" ind1=" " ind2="3">
         <subfield code="a">dry matter partitioning</subfield>
      </datafield>
      <datafield tag="650" ind1=" " ind2="3">
         <subfield code="a">equations</subfield>
      </datafield>
      <datafield tag="650" ind1=" " ind2="3">
         <subfield code="a">forest ecosystems</subfield>
      </datafield>
      <datafield tag="650" ind1=" " ind2="3">
         <subfield code="a">global carbon budget</subfield>
      </datafield>
      <datafield tag="650" ind1=" " ind2="3">
         <subfield code="a">leaves</subfield>
      </datafield>
      <datafield tag="650" ind1=" " ind2="3">
         <subfield code="a">models</subfield>
      </datafield>
      <datafield tag="650" ind1=" " ind2="3">
         <subfield code="a">trees</subfield>
      </datafield>
      <datafield tag="650" ind1=" " ind2="3">
         <subfield code="a">tropical forests</subfield>
      </datafield>
      <datafield tag="650" ind1=" " ind2="3">
         <subfield code="a">variance</subfield>
      </datafield>
      <datafield tag="651" ind1=" " ind2="3">
         <subfield code="a">Burkina Faso</subfield>
      </datafield>
      <datafield tag="700" ind1="1" ind2=" ">
         <subfield code="a">Nacoulma, Blandine Marie Ivette</subfield>
         <subfield code="e">author</subfield>
         <subfield code="u">Department of Plant Biology and Physiology, Laboratory of Plant Biology and
        Ecology, University Ouaga 1, Pr. Joseph Ki-Zerbo, 03 B.P. 7021, Ouagadougou 03, Burkina
        Faso</subfield>
      </datafield>
      <datafield tag="700" ind1="1" ind2=" ">
         <subfield code="a">Bayen, Philippe</subfield>
         <subfield code="e">author</subfield>
         <subfield code="u">Department of Plant Biology and Physiology, Laboratory of Plant Biology and
        Ecology, University Ouaga 1, Pr. Joseph Ki-Zerbo, 03 B.P. 7021, Ouagadougou 03, Burkina
        Faso</subfield>
      </datafield>
      <datafield tag="700" ind1="1" ind2=" ">
         <subfield code="a">Dimobe, Kangbéni</subfield>
         <subfield code="e">author</subfield>
         <subfield code="u">Department of Plant Biology and Physiology, Laboratory of Plant Biology and
        Ecology, University Ouaga 1, Pr. Joseph Ki-Zerbo, 03 B.P. 7021, Ouagadougou 03, Burkina
        Faso</subfield>
      </datafield>
      <datafield tag="700" ind1="1" ind2=" ">
         <subfield code="a">Kouamé, François N’Guessan</subfield>
         <subfield code="e">author</subfield>
         <subfield code="u">West African Science Service Centre on Climate Change and Adapted Land Use
        (WASCAL), Graduate Research Program on Climate Change and Biodiversity, UFR Biosciences,
        University Félix Houphoüet Boigny, B.P. 165, Abidjan 31, Côte d’Ivoire</subfield>
      </datafield>
      <datafield tag="700" ind1="1" ind2=" ">
         <subfield code="a">Thiombiano, Adjima</subfield>
         <subfield code="e">author</subfield>
         <subfield code="u">Department of Plant Biology and Physiology, Laboratory of Plant Biology and
        Ecology, University Ouaga 1, Pr. Joseph Ki-Zerbo, 03 B.P. 7021, Ouagadougou 03, Burkina
        Faso</subfield>
      </datafield>
      <datafield tag="773" ind1="0" ind2=" ">
         <subfield code="t">Journal of forestry research.</subfield>
         <subfield code="g">2020 Oct., v. 31, no. 5 p.1699-1711</subfield>
         <subfield code="d">Springer Berlin Heidelberg</subfield>
         <subfield code="w">Journal:J000000106</subfield>
         <subfield code="x">1007-662X</subfield>
         <subfield code="7">nnas</subfield>
      </datafield>
      <datafield tag="787" ind1="1" ind2=" ">
         <subfield code="o">islandora_article_repository</subfield>
      </datafield>
      <datafield tag="787" ind1="1" ind2=" ">
         <subfield code="o">product_pubag</subfield>
      </datafield>
      <datafield tag="787" ind1="1" ind2=" ">
         <subfield code="o">(Journal)J000000106</subfield>
      </datafield>
      <datafield tag="856" ind1="4" ind2="0">
         <subfield code="u">https://dx.doi.org/10.1007/s11676-019-00955-4</subfield>
         <subfield code="3">Available from publisher's site</subfield>
      </datafield>
      <datafield tag="912" ind1=" " ind2=" ">
         <subfield code="a">Article</subfield>
      </datafield>
      <datafield tag="914" ind1=" " ind2=" ">
         <subfield code="a">Journal:J000000106</subfield>
         <subfield code="b">1007-662X</subfield>
         <subfield code="c">31</subfield>
         <subfield code="d">5</subfield>
         <subfield code="e">1699</subfield>
      </datafield>
      <datafield tag="914" ind1=" " ind2=" ">
         <subfield code="f">Journal of forestry research</subfield>
      </datafield>
      <datafield tag="916" ind1=" " ind2=" ">
         <subfield code="a">Batch:2595</subfield>
      </datafield>
      <datafield tag="917" ind1=" " ind2=" ">
         <subfield code="a">issued</subfield>
      </datafield>
      <datafield tag="918" ind1="2" ind2=" ">
         <subfield code="a">Springer</subfield>
         <subfield code="e">provider</subfield>
         <subfield code="5">DNAL</subfield>
      </datafield>
      <datafield tag="935" ind1=" " ind2=" ">
         <subfield code="a">IND607092622</subfield>
         <subfield code="9">ExL</subfield>
      </datafield>
      <datafield tag="949" ind1=" " ind2=" ">
         <subfield code="a">2020-10-30</subfield>
      </datafield>
      <datafield tag="953" ind1=" " ind2=" ">
         <subfield code="a">/data/metadata/incoming/springer/ftp_PUB_21-01-08_05-21-47.zip</subfield>
      </datafield>
      <datafield tag="954" ind1=" " ind2=" ">
         <subfield code="a">file:/data/metadata/staging/springer/11676-31-5.xml</subfield>
      </datafield>
      <datafield tag="955" ind1=" " ind2=" ">
         <subfield code="a">/data/metadata/staging/springer/</subfield>
      </datafield>
      <datafield tag="974" ind1=" " ind2=" ">
         <subfield code="a">agid:7092622</subfield>
      </datafield>
      <datafield tag="983" ind1=" " ind2=" ">
         <subfield code="a">2021-01-08</subfield>
      </datafield>
      <datafield tag="984" ind1=" " ind2=" ">
         <subfield code="a">2021-01-08</subfield>
      </datafield>
   </record>