
   <!--Record: 267-->
   <record>
      <leader>05648nab a2200805 u 4500</leader>
      <controlfield tag="001">9916038991207426</controlfield>
      <controlfield tag="005">20221120155457.0</controlfield>
      <controlfield tag="008">190215e201604 xx |||||o|||||||||||eng||</controlfield>
      <datafield tag="016" ind1="7" ind2=" ">
         <subfield code="a">IND605321438</subfield>
         <subfield code="2">DNAL</subfield>
      </datafield>
      <datafield tag="024" ind1="7" ind2=" ">
         <subfield code="a">10.1016/j.biocon.2016.01.030</subfield>
         <subfield code="2">doi</subfield>
      </datafield>
      <datafield tag="035" ind1=" " ind2=" ">
         <subfield code="a">agid:5321438-01nal_inst</subfield>
      </datafield>
      <datafield tag="040" ind1=" " ind2=" ">
         <subfield code="a">AGL</subfield>
         <subfield code="b">eng</subfield>
         <subfield code="c">AGL</subfield>
      </datafield>
      <datafield tag="100" ind1="1" ind2=" ">
         <subfield code="a">Dymytrova, Lyudmyla</subfield>
         <subfield code="e">author</subfield>
         <subfield code="u">Biodiversity and Conservation Biology, Swiss Federal Institute for Forest,
        Snow and Landscape Research WSL, Zürcherstrasse 111, CH-8903 Birmensdorf,
        Switzerland</subfield>
         <subfield code="1">https://orcid.org/0000-0001-6857-8034</subfield>
      </datafield>
      <datafield tag="245" ind1="1" ind2="0">
         <subfield code="a">Forest-structure data improve distribution models of threatened habitat
        specialists: Implications for conservation of epiphytic lichens in forest
        landscapes</subfield>
      </datafield>
      <datafield tag="300" ind1=" " ind2=" ">
         <subfield code="a">p. 31-38.</subfield>
      </datafield>
      <datafield tag="520" ind1=" " ind2=" ">
         <subfield code="a">Epiphytic lichens are an important component of forest biodiversity. Many
        of them are threatened and conservation planning therefore requires comprehensive
        information about their distribution over space and time. However, besides topo-climatic
        predictors, the spatial pattern of epiphytic lichens is also closely related to the tree
        characteristics on which they grow. In this paper, we tested the hypothesis that habitat
        specialist lichens restricted to specific habitat types and common species with a wide range
        of ecological preferences may respond differently to the topo-climatic and forest-structure
        predictors. We applied the generalized linear model (GLM) and maximum entropy (Maxent) for
        20 epiphytic lichen species in Switzerland at different spatial scales (1km and 100m). To
        evaluate the influence of forest structure on the epiphytic lichen distribution, models with
        three sets of predictors (topo-climatic, forest-structure and combined predictor sets) were
        fitted for each species. Canopy height of forest stands and forest type were tested as a
        proxy of forest structure. Our results showed that both the techniques applied predicted
        well the occurrences of habitat specialists but the models of common lichens were overall
        less accurate. Forest-structure predictors significantly improved the models of rare and
        threatened species with specific microhabitat requirements, i.e. mainly forest lichens
        (Arthonia byssacea, Bactrospora dryina, Calicium viride, Gyalecta truncigena and Vulpicida
        pinastri), but they did not contribute considerably to the models of common species that
        grow equally well on the bark of different trees within or outside of forests (e.g.
        Caloplaca cerina, Phaeophyscia orbicularis, Physcia stellaris and Xanthoria parietina). We
        recommend using high-resolution forest-structure data for robust and reliable predictions of
        the distribution patterns of threatened epiphytic lichens, most of which are habitat
        specialists. The inclusion of these data will allow a hypothesis-driven sampling strategy,
        and will thus increase the effectiveness of the field sampling needed for searching large
        regions thoroughly to discover new sites where rare and threatened species occur.</subfield>
      </datafield>
      <datafield tag="592" ind1=" " ind2=" ">
         <subfield code="a">Publisher supplied data</subfield>
      </datafield>
      <datafield tag="593" ind1=" " ind2=" ">
         <subfield code="a">PubAg article</subfield>
      </datafield>
      <datafield tag="650" ind1=" " ind2="3">
         <subfield code="a">Arthonia</subfield>
      </datafield>
      <datafield tag="650" ind1=" " ind2="3">
         <subfield code="a">Calicium</subfield>
      </datafield>
      <datafield tag="650" ind1=" " ind2="3">
         <subfield code="a">Caloplaca</subfield>
      </datafield>
      <datafield tag="650" ind1=" " ind2="3">
         <subfield code="a">Gyalecta truncigena</subfield>
      </datafield>
      <datafield tag="650" ind1=" " ind2="3">
         <subfield code="a">Physcia</subfield>
      </datafield>
      <datafield tag="650" ind1=" " ind2="3">
         <subfield code="a">Xanthoria</subfield>
      </datafield>
      <datafield tag="650" ind1=" " ind2="3">
         <subfield code="a">bark</subfield>
      </datafield>
      <datafield tag="650" ind1=" " ind2="3">
         <subfield code="a">biodiversity</subfield>
      </datafield>
      <datafield tag="650" ind1=" " ind2="3">
         <subfield code="a">canopy</subfield>
      </datafield>
      <datafield tag="650" ind1=" " ind2="3">
         <subfield code="a">epiphytes</subfield>
      </datafield>
      <datafield tag="650" ind1=" " ind2="3">
         <subfield code="a">forest stands</subfield>
      </datafield>
      <datafield tag="650" ind1=" " ind2="3">
         <subfield code="a">forest types</subfield>
      </datafield>
      <datafield tag="650" ind1=" " ind2="3">
         <subfield code="a">landscapes</subfield>
      </datafield>
      <datafield tag="650" ind1=" " ind2="3">
         <subfield code="a">lichens</subfield>
      </datafield>
      <datafield tag="650" ind1=" " ind2="3">
         <subfield code="a">linear models</subfield>
      </datafield>
      <datafield tag="650" ind1=" " ind2="3">
         <subfield code="a">microhabitats</subfield>
      </datafield>
      <datafield tag="650" ind1=" " ind2="3">
         <subfield code="a">natural resources conservation</subfield>
      </datafield>
      <datafield tag="650" ind1=" " ind2="3">
         <subfield code="a">planning</subfield>
      </datafield>
      <datafield tag="650" ind1=" " ind2="3">
         <subfield code="a">prediction</subfield>
      </datafield>
      <datafield tag="650" ind1=" " ind2="3">
         <subfield code="a">space and time</subfield>
      </datafield>
      <datafield tag="650" ind1=" " ind2="3">
         <subfield code="a">threatened species</subfield>
      </datafield>
      <datafield tag="650" ind1=" " ind2="3">
         <subfield code="a">trees</subfield>
      </datafield>
      <datafield tag="651" ind1=" " ind2="3">
         <subfield code="a">Switzerland</subfield>
      </datafield>
      <datafield tag="653" ind1=" " ind2="0">
         <subfield code="a">Corticolous lichens</subfield>
      </datafield>
      <datafield tag="653" ind1=" " ind2="0">
         <subfield code="a">Ecological predictors</subfield>
      </datafield>
      <datafield tag="653" ind1=" " ind2="0">
         <subfield code="a">Habitat specialists</subfield>
      </datafield>
      <datafield tag="653" ind1=" " ind2="0">
         <subfield code="a">Predictive distribution maps</subfield>
      </datafield>
      <datafield tag="653" ind1=" " ind2="0">
         <subfield code="a">Red-listed species</subfield>
      </datafield>
      <datafield tag="653" ind1=" " ind2="0">
         <subfield code="a">Switzerland</subfield>
      </datafield>
      <datafield tag="700" ind1="1" ind2=" ">
         <subfield code="a">Stofer, Silvia</subfield>
         <subfield code="e">author</subfield>
         <subfield code="u">Biodiversity and Conservation Biology, Swiss Federal Institute for Forest,
        Snow and Landscape Research WSL, Zürcherstrasse 111, CH-8903 Birmensdorf,
        Switzerland</subfield>
      </datafield>
      <datafield tag="700" ind1="1" ind2=" ">
         <subfield code="a">Ginzler, Christian</subfield>
         <subfield code="e">author</subfield>
         <subfield code="u">Landscape Dynamics, Swiss Federal Institute for Forest, Snow and Landscape
        Research WSL, Zürcherstrasse 111, CH-8903 Birmensdorf, Switzerland</subfield>
      </datafield>
      <datafield tag="700" ind1="1" ind2=" ">
         <subfield code="a">Breiner, Frank T.</subfield>
         <subfield code="e">author</subfield>
         <subfield code="u">Biodiversity and Conservation Biology, Swiss Federal Institute for Forest,
        Snow and Landscape Research WSL, Zürcherstrasse 111, CH-8903 Birmensdorf,
        Switzerland</subfield>
      </datafield>
      <datafield tag="700" ind1="1" ind2=" ">
         <subfield code="a">Scheidegger, Christoph</subfield>
         <subfield code="e">author</subfield>
         <subfield code="u">Biodiversity and Conservation Biology, Swiss Federal Institute for Forest,
        Snow and Landscape Research WSL, Zürcherstrasse 111, CH-8903 Birmensdorf,
        Switzerland</subfield>
         <subfield code="1">https://orcid.org/0000-0003-3713-5331</subfield>
      </datafield>
      <datafield tag="773" ind1="0" ind2=" ">
         <subfield code="t">Biological conservation.</subfield>
         <subfield code="g">2016 Apr., v. 196 p.31-38</subfield>
         <subfield code="d">Elsevier Ltd</subfield>
         <subfield code="w">Journal:jnl44607</subfield>
         <subfield code="x">0006-3207</subfield>
         <subfield code="7">nnas</subfield>
      </datafield>
      <datafield tag="787" ind1="1" ind2=" ">
         <subfield code="o">islandora_article_repository</subfield>
      </datafield>
      <datafield tag="787" ind1="1" ind2=" ">
         <subfield code="o">product_pubag</subfield>
      </datafield>
      <datafield tag="787" ind1="1" ind2=" ">
         <subfield code="o">(Journal)jnl44607</subfield>
      </datafield>
      <datafield tag="856" ind1="4" ind2="0">
         <subfield code="u">https://dx.doi.org/10.1016/j.biocon.2016.01.030</subfield>
         <subfield code="3">Available from publisher's site</subfield>
      </datafield>
      <datafield tag="912" ind1=" " ind2=" ">
         <subfield code="a">Article</subfield>
      </datafield>
      <datafield tag="914" ind1=" " ind2=" ">
         <subfield code="a">Journal:jnl44607</subfield>
         <subfield code="b">0006-3207</subfield>
         <subfield code="c">196</subfield>
         <subfield code="e">31</subfield>
      </datafield>
      <datafield tag="914" ind1=" " ind2=" ">
         <subfield code="f">Biological conservation</subfield>
      </datafield>
      <datafield tag="916" ind1=" " ind2=" ">
         <subfield code="a">Batch:1428</subfield>
      </datafield>
      <datafield tag="917" ind1=" " ind2=" ">
         <subfield code="a">issued</subfield>
      </datafield>
      <datafield tag="918" ind1="2" ind2=" ">
         <subfield code="a">Elsevier Consyn</subfield>
         <subfield code="e">provider</subfield>
         <subfield code="5">DNAL</subfield>
      </datafield>
      <datafield tag="935" ind1=" " ind2=" ">
         <subfield code="a">IND605321438</subfield>
         <subfield code="9">ExL</subfield>
      </datafield>
      <datafield tag="949" ind1=" " ind2=" ">
         <subfield code="a">2019-02-15</subfield>
      </datafield>
      <datafield tag="953" ind1=" " ind2=" ">
         <subfield code="a">/data/metadata/incoming/consyn/46-2-00002-HEAD-ONLY.zip</subfield>
      </datafield>
      <datafield tag="954" ind1=" " ind2=" ">
         <subfield code="a">file:/data/metadata/staging/consyn/S0006320716300313.xml</subfield>
      </datafield>
      <datafield tag="955" ind1=" " ind2=" ">
         <subfield code="a">/data/metadata/staging/consyn/</subfield>
      </datafield>
      <datafield tag="974" ind1=" " ind2=" ">
         <subfield code="a">agid:5321438</subfield>
      </datafield>
      <datafield tag="983" ind1=" " ind2=" ">
         <subfield code="a">2019-02-15</subfield>
      </datafield>
      <datafield tag="984" ind1=" " ind2=" ">
         <subfield code="a">2019-02-15</subfield>
      </datafield>
   </record>