
   <!--Record: 272-->
   <record>
      <leader>03572nab a2200553 u 4500</leader>
      <controlfield tag="001">9916040022407426</controlfield>
      <controlfield tag="005">20221121192022.0</controlfield>
      <controlfield tag="008">150316e201407 xx |||||o|||||||||||eng||</controlfield>
      <datafield tag="016" ind1="7" ind2=" ">
         <subfield code="a">IND600801991</subfield>
         <subfield code="2">DNAL</subfield>
      </datafield>
      <datafield tag="024" ind1="7" ind2=" ">
         <subfield code="a">10.1007/s11284-014-1163-0</subfield>
         <subfield code="2">doi</subfield>
      </datafield>
      <datafield tag="035" ind1=" " ind2=" ">
         <subfield code="a">agid:801991-01nal_inst</subfield>
      </datafield>
      <datafield tag="040" ind1=" " ind2=" ">
         <subfield code="a">AGL</subfield>
         <subfield code="b">eng</subfield>
         <subfield code="c">AGL</subfield>
      </datafield>
      <datafield tag="100" ind1="1" ind2=" ">
         <subfield code="a">Olvera-Vargas, Miguel</subfield>
         <subfield code="e">author</subfield>
         <subfield code="u">Departamento de Ecología y Recursos Naturales-IMECBIO, Universidad de
        Guadalajara, Centro Universitario de la Costa Sur, Av. Independencia Nacional # 151, Autlán
        de Navarro, Jalisco, CP. 48900, Mexico, molvera@cucsur.udg.mx</subfield>
      </datafield>
      <datafield tag="245" ind1="1" ind2="0">
         <subfield code="a">Environmental filters and patterns of tree regeneration in high altitude
        sub-tropical Quercus-dominated forests</subfield>
      </datafield>
      <datafield tag="300" ind1=" " ind2=" ">
         <subfield code="a">p. 711-721.</subfield>
      </datafield>
      <datafield tag="520" ind1=" " ind2=" ">
         <subfield code="a">We investigated how environmental variables explain patterns of tree
        regeneration in high altitude sub-tropical Quercus-dominated forests by: (1) determining
        whether the seedling and sapling communities show non-random spatial patterns of floristic
        composition; (2) identifying which environmental variables explain the observed patterns of
        floristic composition; (3) examining if similarity in floristic composition is related to
        similarity in environmental variables. We used data gathered in permanent plots established
        across 10 km in high altitude sub-tropical Quercus-dominated forests. Our analyses consisted
        of unconstrained ordination analyses (Non-metric Multidimensional Scaling) to characterize
        the spatial patterns of floristic composition; constrained ordination analyses (Canonical
        correspondence analysis) to assess the contribution of environmental variables in explaining
        patterns of floristic composition and, the simple and partial Mantel test to correlate the
        floristic composition similarity to environmental similarity. Our results provided evidence
        of non-random spatial patterns of floristic distribution due to structured environmental
        filters such as canopy-related variables, litter, grazing and aspect. Floristic
        compositional similarity did not depend on geographical distance between sites or on
        differences in their environment; therefore a number of plots were similar in floristic
        composition, in both seedlings and saplings, but have no environmental
        similarity.</subfield>
      </datafield>
      <datafield tag="592" ind1=" " ind2=" ">
         <subfield code="a">Publisher supplied data</subfield>
      </datafield>
      <datafield tag="593" ind1=" " ind2=" ">
         <subfield code="a">PubAg article</subfield>
      </datafield>
      <datafield tag="650" ind1=" " ind2="3">
         <subfield code="a">altitude</subfield>
      </datafield>
      <datafield tag="650" ind1=" " ind2="3">
         <subfield code="a">botanical composition</subfield>
      </datafield>
      <datafield tag="650" ind1=" " ind2="3">
         <subfield code="a">filters</subfield>
      </datafield>
      <datafield tag="650" ind1=" " ind2="3">
         <subfield code="a">forests</subfield>
      </datafield>
      <datafield tag="650" ind1=" " ind2="3">
         <subfield code="a">grazing</subfield>
      </datafield>
      <datafield tag="650" ind1=" " ind2="3">
         <subfield code="a">saplings</subfield>
      </datafield>
      <datafield tag="650" ind1=" " ind2="3">
         <subfield code="a">seedlings</subfield>
      </datafield>
      <datafield tag="650" ind1=" " ind2="3">
         <subfield code="a">statistical analysis</subfield>
      </datafield>
      <datafield tag="700" ind1="1" ind2=" ">
         <subfield code="a">Figueroa-Rangel, Blanca Lorena</subfield>
         <subfield code="e">author</subfield>
      </datafield>
      <datafield tag="700" ind1="1" ind2=" ">
         <subfield code="a">Guzmán, Ramón Cuevas</subfield>
         <subfield code="e">author</subfield>
      </datafield>
      <datafield tag="773" ind1="0" ind2=" ">
         <subfield code="t">Ecological research.</subfield>
         <subfield code="g">2014 July, v. 29, no. 4 p.711-721</subfield>
         <subfield code="d">Springer-Verlag</subfield>
         <subfield code="x">0912-3814</subfield>
         <subfield code="7">nnas</subfield>
      </datafield>
      <datafield tag="787" ind1="1" ind2=" ">
         <subfield code="o">islandora_article_repository</subfield>
      </datafield>
      <datafield tag="787" ind1="1" ind2=" ">
         <subfield code="o">product_pubag</subfield>
      </datafield>
      <datafield tag="787" ind1="1" ind2=" ">
         <subfield code="o">(Journal)jnl3870047</subfield>
      </datafield>
      <datafield tag="856" ind1="4" ind2="0">
         <subfield code="u">http://dx.doi.org/10.1007/s11284-014-1163-0</subfield>
         <subfield code="3">Available from publisher's site</subfield>
      </datafield>
      <datafield tag="912" ind1=" " ind2=" ">
         <subfield code="a">Article</subfield>
      </datafield>
      <datafield tag="914" ind1=" " ind2=" ">
         <subfield code="a">Journal:jnl3870047</subfield>
         <subfield code="b">0912-3814</subfield>
         <subfield code="c">29</subfield>
         <subfield code="d">4</subfield>
         <subfield code="e">711</subfield>
      </datafield>
      <datafield tag="914" ind1=" " ind2=" ">
         <subfield code="f">Ecological research</subfield>
      </datafield>
      <datafield tag="916" ind1=" " ind2=" ">
         <subfield code="a">Batch:665</subfield>
      </datafield>
      <datafield tag="917" ind1=" " ind2=" ">
         <subfield code="a">issued</subfield>
      </datafield>
      <datafield tag="918" ind1="2" ind2=" ">
         <subfield code="a">Springer</subfield>
         <subfield code="e">provider</subfield>
         <subfield code="5">DNAL</subfield>
      </datafield>
      <datafield tag="935" ind1=" " ind2=" ">
         <subfield code="a">IND600801991</subfield>
         <subfield code="9">ExL</subfield>
      </datafield>
      <datafield tag="949" ind1=" " ind2=" ">
         <subfield code="a">2014-10-15</subfield>
      </datafield>
      <datafield tag="953" ind1=" " ind2=" ">
         <subfield code="a">ftp_PUB_15-03-10_05-41-43.zip</subfield>
      </datafield>
      <datafield tag="962" ind1=" " ind2=" ">
         <subfield code="a">Journal title changed from 'Ecol Res'</subfield>
      </datafield>
      <datafield tag="962" ind1=" " ind2=" ">
         <subfield code="a">Batch:665 annotated on 2014-09-16T13:32:33Z</subfield>
      </datafield>
      <datafield tag="962" ind1=" " ind2=" ">
         <subfield code="a">Batch:665 reviewed on 2014-10-14T16:00:01Z</subfield>
      </datafield>
      <datafield tag="962" ind1=" " ind2=" ">
         <subfield code="a">Batch:665 reviewed on 2014-10-15T04:00:03Z</subfield>
      </datafield>
      <datafield tag="974" ind1=" " ind2=" ">
         <subfield code="a">agid:801991</subfield>
      </datafield>
      <datafield tag="983" ind1=" " ind2=" ">
         <subfield code="a">2015-03-16</subfield>
      </datafield>
      <datafield tag="984" ind1=" " ind2=" ">
         <subfield code="a">2015-03-16</subfield>
      </datafield>
   </record>