
   <!--Record: 277-->
   <record>
      <leader>05927nab a2201009 u 4500</leader>
      <controlfield tag="001">9916041755207426</controlfield>
      <controlfield tag="005">20221120215822.0</controlfield>
      <controlfield tag="008">190412e201610 xx |||||o|||||||||||eng||</controlfield>
      <datafield tag="016" ind1="7" ind2=" ">
         <subfield code="a">IND600062644</subfield>
         <subfield code="2">DNAL</subfield>
      </datafield>
      <datafield tag="024" ind1="7" ind2=" ">
         <subfield code="a">329859</subfield>
         <subfield code="2">aris</subfield>
      </datafield>
      <datafield tag="024" ind1="7" ind2=" ">
         <subfield code="a">10113/62644</subfield>
         <subfield code="2">hdl</subfield>
      </datafield>
      <datafield tag="024" ind1="7" ind2=" ">
         <subfield code="a">10.1016/j.ecolind.2016.05.030</subfield>
         <subfield code="2">doi</subfield>
      </datafield>
      <datafield tag="024" ind1="7" ind2=" ">
         <subfield code="a">10.1016/j.ecolind.2016.05.030</subfield>
         <subfield code="2">chorus</subfield>
      </datafield>
      <datafield tag="024" ind1="8" ind2=" ">
         <subfield code="a">ns10319</subfield>
      </datafield>
      <datafield tag="035" ind1=" " ind2=" ">
         <subfield code="a">agid:62644-01nal_inst</subfield>
      </datafield>
      <datafield tag="040" ind1=" " ind2=" ">
         <subfield code="a">AGL</subfield>
         <subfield code="b">eng</subfield>
         <subfield code="c">AGL</subfield>
      </datafield>
      <datafield tag="100" ind1="1" ind2=" ">
         <subfield code="a">Williamson, Jeb C.</subfield>
         <subfield code="e">author</subfield>
         <subfield code="u">USDA-ARS Jornada Experimental Range, New Mexico State University, Las
        Cruces, NM, USA</subfield>
      </datafield>
      <datafield tag="245" ind1="1" ind2="0">
         <subfield code="a">Can ecological land classification increase the utility of vegetation
        monitoring data?</subfield>
      </datafield>
      <datafield tag="300" ind1=" " ind2=" ">
         <subfield code="a">p. 657-666.</subfield>
      </datafield>
      <datafield tag="506" ind1=" " ind2=" ">
         <subfield code="a">Works produced by employees of the U.S. Government as part of their
        official duties are not copyrighted within the U.S. The content of this document is not
        copyrighted.</subfield>
      </datafield>
      <datafield tag="506" ind1=" " ind2=" ">
         <subfield code="a">Resource is Open Access</subfield>
         <subfield code="u">http://purl.org/eprint/accessRights/OpenAccess</subfield>
         <subfield code="f">Unrestricted online access</subfield>
         <subfield code="2">star</subfield>
      </datafield>
      <datafield tag="506" ind1=" " ind2=" ">
         <subfield code="a">CHORUS License Information</subfield>
         <subfield code="f">Unrestricted online access</subfield>
         <subfield code="2">star</subfield>
      </datafield>
      <datafield tag="506" ind1=" " ind2=" ">
         <subfield code="a">CHORUS License Information</subfield>
         <subfield code="f">Unrestricted online access</subfield>
         <subfield code="2">star</subfield>
      </datafield>
      <datafield tag="520" ind1=" " ind2=" ">
         <subfield code="a">Vegetation dynamics in rangelands and other ecosystems are known to be
        mediated by topoedaphic properties. Vegetation monitoring programs, however, often do not
        consider the impact of soils and other sources of landscape heterogeneity on the temporal
        patterns observed. Ecological sites (ES) comprise a land classification system based on
        soil, topographic, and climate variations that can be readily applied by land managers to
        classify topoedaphic properties at monitoring locations. We used a long-term (&gt;40y)
        vegetation record from southeastern Arizona, USA to test the utility of an ES classification
        for refining interpretations of monitoring data in an area of relatively subtle soil
        differences. We focused on two phenomena important to rangeland management in the
        southeastern Arizona region: expansion of the native tree velvet mesquite (Prosopis velutina
        Woot.) and spread of the introduced perennial grass Lehmann lovegrass (Eragrostis
        lehmanniana Nees). Specifically, we sought to determine if a quantitative, ES-specific
        analysis of the long-term record would (1) improve detection of changes in plant species
        having heightened ecological or management importance and (2) further clarify topoedaphic
        effects on vegetation trajectories. We found that ES class membership was a significant
        factor explaining spatiotemporal variation in velvet mesquite canopy cover, Lehmann
        lovegrass basal cover, and Lehmann lovegrass density measurements. In addition, we observed
        that the potential magnitude of velvet mesquite and Lehmann lovegrass increases varied
        substantially among ES classes. Our study brings attention to a practical land management
        tool that might be called upon to increase the effectiveness of vegetation-based indicators
        of ecosystem change.</subfield>
      </datafield>
      <datafield tag="592" ind1=" " ind2=" ">
         <subfield code="a">Publisher supplied data</subfield>
      </datafield>
      <datafield tag="593" ind1=" " ind2=" ">
         <subfield code="a">PubAg article</subfield>
      </datafield>
      <datafield tag="595" ind1=" " ind2=" ">
         <subfield code="b">cmartinez</subfield>
         <subfield code="c">2016-07-19</subfield>
         <subfield code="d">jgilbert</subfield>
         <subfield code="e">2016-07-20</subfield>
      </datafield>
      <datafield tag="596" ind1=" " ind2=" ">
         <subfield code="c">USDA CSREES</subfield>
         <subfield code="d">https://doi.org/10.13039/100000199</subfield>
      </datafield>
      <datafield tag="650" ind1=" " ind2="3">
         <subfield code="a">Eragrostis lehmanniana</subfield>
      </datafield>
      <datafield tag="650" ind1=" " ind2="3">
         <subfield code="a">Prosopis velutina</subfield>
      </datafield>
      <datafield tag="650" ind1=" " ind2="3">
         <subfield code="a">canopy</subfield>
      </datafield>
      <datafield tag="650" ind1=" " ind2="3">
         <subfield code="a">climate</subfield>
      </datafield>
      <datafield tag="650" ind1=" " ind2="3">
         <subfield code="a">ecosystems</subfield>
      </datafield>
      <datafield tag="650" ind1=" " ind2="3">
         <subfield code="a">environmental indicators</subfield>
      </datafield>
      <datafield tag="650" ind1=" " ind2="3">
         <subfield code="a">environmental monitoring</subfield>
      </datafield>
      <datafield tag="650" ind1=" " ind2="3">
         <subfield code="a">grasses</subfield>
      </datafield>
      <datafield tag="650" ind1=" " ind2="3">
         <subfield code="a">indicator species</subfield>
      </datafield>
      <datafield tag="650" ind1=" " ind2="3">
         <subfield code="a">indigenous species</subfield>
      </datafield>
      <datafield tag="650" ind1=" " ind2="3">
         <subfield code="a">introduced plants</subfield>
      </datafield>
      <datafield tag="650" ind1=" " ind2="3">
         <subfield code="a">land classification</subfield>
      </datafield>
      <datafield tag="650" ind1=" " ind2="3">
         <subfield code="a">landscapes</subfield>
      </datafield>
      <datafield tag="650" ind1=" " ind2="3">
         <subfield code="a">managers</subfield>
      </datafield>
      <datafield tag="650" ind1=" " ind2="3">
         <subfield code="a">plant communities</subfield>
      </datafield>
      <datafield tag="650" ind1=" " ind2="3">
         <subfield code="a">range management</subfield>
      </datafield>
      <datafield tag="650" ind1=" " ind2="3">
         <subfield code="a">rangelands</subfield>
      </datafield>
      <datafield tag="650" ind1=" " ind2="3">
         <subfield code="a">soil</subfield>
      </datafield>
      <datafield tag="650" ind1=" " ind2="3">
         <subfield code="a">spatial variation</subfield>
      </datafield>
      <datafield tag="650" ind1=" " ind2="3">
         <subfield code="a">temporal variation</subfield>
      </datafield>
      <datafield tag="650" ind1=" " ind2="3">
         <subfield code="a">trees</subfield>
      </datafield>
      <datafield tag="650" ind1=" " ind2="3">
         <subfield code="a">vegetation</subfield>
      </datafield>
      <datafield tag="651" ind1=" " ind2="3">
         <subfield code="a">Arizona</subfield>
      </datafield>
      <datafield tag="653" ind1=" " ind2="0">
         <subfield code="a">Biological invasion</subfield>
      </datafield>
      <datafield tag="653" ind1=" " ind2="0">
         <subfield code="a">Land classification</subfield>
      </datafield>
      <datafield tag="653" ind1=" " ind2="0">
         <subfield code="a">Monitoring</subfield>
      </datafield>
      <datafield tag="653" ind1=" " ind2="0">
         <subfield code="a">Soil texture</subfield>
      </datafield>
      <datafield tag="653" ind1=" " ind2="0">
         <subfield code="a">Time series</subfield>
      </datafield>
      <datafield tag="653" ind1=" " ind2="0">
         <subfield code="a">Vegetation indicator</subfield>
      </datafield>
      <datafield tag="700" ind1="1" ind2=" ">
         <subfield code="a">Bestelmeyer, Brandon T.</subfield>
         <subfield code="e">author</subfield>
         <subfield code="u">USDA-ARS Jornada Experimental Range, New Mexico State University, Las
        Cruces, NM, USA</subfield>
      </datafield>
      <datafield tag="700" ind1="1" ind2=" ">
         <subfield code="a">McClaran, Mitchel P.</subfield>
         <subfield code="e">author</subfield>
         <subfield code="u">School of Natural Resources and the Environment, University of Arizona,
        Tucson, AZ, USA</subfield>
      </datafield>
      <datafield tag="700" ind1="1" ind2=" ">
         <subfield code="a">Robinett, Dan</subfield>
         <subfield code="e">author</subfield>
         <subfield code="u">Robinett Rangeland Resources LLC, Elgin, AZ, USA</subfield>
      </datafield>
      <datafield tag="700" ind1="1" ind2=" ">
         <subfield code="a">Briske, David D.</subfield>
         <subfield code="e">author</subfield>
         <subfield code="u">Department of Ecosystem Science and Management, Texas A&amp;M University,
        College Station, TX, USA</subfield>
      </datafield>
      <datafield tag="700" ind1="1" ind2=" ">
         <subfield code="a">Wu, X. Ben</subfield>
         <subfield code="e">author</subfield>
         <subfield code="u">Department of Ecosystem Science and Management, Texas A&amp;M University,
        College Station, TX, USA</subfield>
      </datafield>
      <datafield tag="700" ind1="1" ind2=" ">
         <subfield code="a">Fernández-Giménez, Maria E.</subfield>
         <subfield code="e">author</subfield>
         <subfield code="u">Department of Forest and Rangeland Stewardship, Colorado State University,
        Fort Collins, CO, USA</subfield>
      </datafield>
      <datafield tag="773" ind1="0" ind2=" ">
         <subfield code="t">Ecological indicators.</subfield>
         <subfield code="g">2016 Oct., v. 69 p.657-666</subfield>
         <subfield code="d">Elsevier Ltd</subfield>
         <subfield code="w">Journal:6196</subfield>
         <subfield code="x">1470-160X</subfield>
         <subfield code="7">nnas</subfield>
      </datafield>
      <datafield tag="787" ind1="1" ind2=" ">
         <subfield code="o">islandora_article_repository</subfield>
      </datafield>
      <datafield tag="787" ind1="1" ind2=" ">
         <subfield code="o">product_pubag</subfield>
      </datafield>
      <datafield tag="787" ind1="1" ind2=" ">
         <subfield code="o">(Journal)6196</subfield>
      </datafield>
      <datafield tag="856" ind1="4" ind2="0">
         <subfield code="u">https://dx.doi.org/10.1016/j.ecolind.2016.05.030</subfield>
         <subfield code="3">Available from publisher's site</subfield>
      </datafield>
      <datafield tag="912" ind1=" " ind2=" ">
         <subfield code="a">Article</subfield>
      </datafield>
      <datafield tag="914" ind1=" " ind2=" ">
         <subfield code="a">Journal:6196</subfield>
         <subfield code="b">1470-160X</subfield>
         <subfield code="c">69</subfield>
         <subfield code="e">657</subfield>
      </datafield>
      <datafield tag="914" ind1=" " ind2=" ">
         <subfield code="f">Ecological indicators</subfield>
      </datafield>
      <datafield tag="916" ind1=" " ind2=" ">
         <subfield code="a">Batch:1398</subfield>
      </datafield>
      <datafield tag="917" ind1=" " ind2=" ">
         <subfield code="a">issued</subfield>
      </datafield>
      <datafield tag="918" ind1="2" ind2=" ">
         <subfield code="a">Elsevier Consyn</subfield>
         <subfield code="e">provider</subfield>
         <subfield code="5">DNAL</subfield>
      </datafield>
      <datafield tag="935" ind1=" " ind2=" ">
         <subfield code="a">IND600062644</subfield>
         <subfield code="9">ExL</subfield>
      </datafield>
      <datafield tag="949" ind1=" " ind2=" ">
         <subfield code="a">2020-03-06</subfield>
      </datafield>
      <datafield tag="953" ind1=" " ind2=" ">
         <subfield code="a">/data/metadata/incoming/consyn-backfiles/46-2-00099-HEAD-ONLY.zip</subfield>
      </datafield>
      <datafield tag="954" ind1=" " ind2=" ">
         <subfield code="a">file:/data/metadata/staging/consyn-backfiles/S1470160X16302655.xml</subfield>
      </datafield>
      <datafield tag="955" ind1=" " ind2=" ">
         <subfield code="a">/data/metadata/staging/consyn-backfiles/</subfield>
      </datafield>
      <datafield tag="956" ind1=" " ind2=" ">
         <subfield code="a">ARIS submission</subfield>
         <subfield code="b">http://submit.nal.usda.gov/system/files/submissions/16-011.pdf</subfield>
      </datafield>
      <datafield tag="961" ind1=" " ind2=" ">
         <subfield code="a">USDA/ARSUSDA</subfield>
      </datafield>
      <datafield tag="962" ind1=" " ind2=" ">
         <subfield code="a">USDA Scientist Submission; eISSN 1872-7034</subfield>
      </datafield>
      <datafield tag="962" ind1=" " ind2=" ">
         <subfield code="a">Missing ISSN</subfield>
      </datafield>
      <datafield tag="974" ind1=" " ind2=" ">
         <subfield code="a">agid:62644</subfield>
      </datafield>
      <datafield tag="983" ind1=" " ind2=" ">
         <subfield code="a">2019-04-12</subfield>
      </datafield>
      <datafield tag="984" ind1=" " ind2=" ">
         <subfield code="a">2022-09-06</subfield>
      </datafield>
      <datafield tag="986" ind1=" " ind2=" ">
         <subfield code="a">ns10319</subfield>
      </datafield>
   </record>