
   <!--Record: 278-->
   <record>
      <leader>03205nab a2200493 u 4500</leader>
      <controlfield tag="001">9916042279807426</controlfield>
      <controlfield tag="005">20221121160926.0</controlfield>
      <controlfield tag="008">170717e201703 xx |||||o|||||||||||eng||</controlfield>
      <datafield tag="016" ind1="7" ind2=" ">
         <subfield code="a">IND605726219</subfield>
         <subfield code="2">DNAL</subfield>
      </datafield>
      <datafield tag="024" ind1="7" ind2=" ">
         <subfield code="a">10.1007/s11056-017-9571-y</subfield>
         <subfield code="2">doi</subfield>
      </datafield>
      <datafield tag="035" ind1=" " ind2=" ">
         <subfield code="a">agid:5726219-01nal_inst</subfield>
      </datafield>
      <datafield tag="040" ind1=" " ind2=" ">
         <subfield code="a">AGL</subfield>
         <subfield code="b">eng</subfield>
         <subfield code="c">AGL</subfield>
      </datafield>
      <datafield tag="100" ind1="1" ind2=" ">
         <subfield code="a">Rico, Yessica</subfield>
         <subfield code="e">author</subfield>
      </datafield>
      <datafield tag="245" ind1="1" ind2="0">
         <subfield code="a">Using computer simulations to assess sampling effects on spatial genetic
        structure in forest tree species</subfield>
      </datafield>
      <datafield tag="300" ind1=" " ind2=" ">
         <subfield code="a">p. 225-243.</subfield>
      </datafield>
      <datafield tag="520" ind1=" " ind2=" ">
         <subfield code="a">Quantifying spatial genetic structure is key to inform forest management
        and restoration strategies. Reliable evaluations of genetic structure require sound sampling
        schemes because inappropriate sampling may over- and under-estimate spatial patterns of
        genetic structure. Sampling bias has been investigated through computer simulations mostly
        for animal species with continuous distributions. For tree species that have different life
        history traits, results from such studies may not apply. Here, I used spatially explicit
        landscape genetic simulations to assess the effects of spatial sampling scheme (random,
        systematic, and cluster), sampling intensity (35, 50, 65, and 80%), and the number of
        microsatellite loci (8, 14, and 20) on inferences of genetic structure under isolation by
        distance (IBD) in two forest tree species with varying dispersal distances and patchy
        distributions. Results showed that random sampling with 20 loci was the best performing
        sampling scheme, irrespective of sampling intensity and the strength of IBD. In contrast,
        the cluster and systematic sampling were sensitive to sample size. For the three sampling
        schemes, the number of loci had a large effect because with 8 loci there was an increasing
        chance of underestimating IBD. Increasing the number of samples over the number of loci, did
        not improve the performance of sampling schemes. Hence, researchers should put more effort
        on increasing the number of loci over increasing sample size. Results also showed that
        sampling error rates varied between species, and sampling bias appeared stronger for the
        species with a more aggregated spatial distribution.</subfield>
      </datafield>
      <datafield tag="592" ind1=" " ind2=" ">
         <subfield code="a">Publisher supplied data</subfield>
      </datafield>
      <datafield tag="593" ind1=" " ind2=" ">
         <subfield code="a">PubAg article</subfield>
      </datafield>
      <datafield tag="650" ind1=" " ind2="3">
         <subfield code="a">animals</subfield>
      </datafield>
      <datafield tag="650" ind1=" " ind2="3">
         <subfield code="a">computer simulation</subfield>
      </datafield>
      <datafield tag="650" ind1=" " ind2="3">
         <subfield code="a">forest management</subfield>
      </datafield>
      <datafield tag="650" ind1=" " ind2="3">
         <subfield code="a">forest trees</subfield>
      </datafield>
      <datafield tag="650" ind1=" " ind2="3">
         <subfield code="a">life history</subfield>
      </datafield>
      <datafield tag="650" ind1=" " ind2="3">
         <subfield code="a">loci</subfield>
      </datafield>
      <datafield tag="650" ind1=" " ind2="3">
         <subfield code="a">microsatellite repeats</subfield>
      </datafield>
      <datafield tag="650" ind1=" " ind2="3">
         <subfield code="a">researchers</subfield>
      </datafield>
      <datafield tag="773" ind1="0" ind2=" ">
         <subfield code="t">New forests.</subfield>
         <subfield code="g">2017 Mar., v. 48, no. 2 p.225-243</subfield>
         <subfield code="d">Springer Netherlands</subfield>
         <subfield code="x">0169-4286</subfield>
         <subfield code="7">nnas</subfield>
      </datafield>
      <datafield tag="787" ind1="1" ind2=" ">
         <subfield code="o">islandora_article_repository</subfield>
      </datafield>
      <datafield tag="787" ind1="1" ind2=" ">
         <subfield code="o">product_pubag</subfield>
      </datafield>
      <datafield tag="787" ind1="1" ind2=" ">
         <subfield code="o">(Journal)jnl40921</subfield>
      </datafield>
      <datafield tag="856" ind1="4" ind2="0">
         <subfield code="u">http://dx.doi.org/10.1007/s11056-017-9571-y</subfield>
         <subfield code="3">Available from publisher's site</subfield>
      </datafield>
      <datafield tag="912" ind1=" " ind2=" ">
         <subfield code="a">Article</subfield>
      </datafield>
      <datafield tag="914" ind1=" " ind2=" ">
         <subfield code="a">Journal:jnl40921</subfield>
         <subfield code="b">0169-4286</subfield>
         <subfield code="c">48</subfield>
         <subfield code="d">2</subfield>
         <subfield code="e">225</subfield>
      </datafield>
      <datafield tag="914" ind1=" " ind2=" ">
         <subfield code="f">New forests</subfield>
      </datafield>
      <datafield tag="916" ind1=" " ind2=" ">
         <subfield code="a">Batch:1793</subfield>
      </datafield>
      <datafield tag="917" ind1=" " ind2=" ">
         <subfield code="a">issued</subfield>
      </datafield>
      <datafield tag="918" ind1="2" ind2=" ">
         <subfield code="a">Springer</subfield>
         <subfield code="e">provider</subfield>
         <subfield code="5">DNAL</subfield>
      </datafield>
      <datafield tag="935" ind1=" " ind2=" ">
         <subfield code="a">IND605726219</subfield>
         <subfield code="9">ExL</subfield>
      </datafield>
      <datafield tag="949" ind1=" " ind2=" ">
         <subfield code="a">2017-08-22</subfield>
      </datafield>
      <datafield tag="953" ind1=" " ind2=" ">
         <subfield code="a">ftp_PUB_17-04-21_05-52-06.zip</subfield>
      </datafield>
      <datafield tag="962" ind1=" " ind2=" ">
         <subfield code="a">Batch:1793 reviewed on 2017-08-22T11:00:04Z</subfield>
      </datafield>
      <datafield tag="974" ind1=" " ind2=" ">
         <subfield code="a">agid:5726219</subfield>
      </datafield>
      <datafield tag="983" ind1=" " ind2=" ">
         <subfield code="a">2017-07-17</subfield>
      </datafield>
      <datafield tag="984" ind1=" " ind2=" ">
         <subfield code="a">2017-08-22</subfield>
      </datafield>
   </record>