
   <!--Record: 281-->
   <record>
      <leader>04400nab a2200565 u 4500</leader>
      <controlfield tag="001">9916043158107426</controlfield>
      <controlfield tag="005">20221121232036.0</controlfield>
      <controlfield tag="008">931027s1993 enk|||||o|||||||||||eng||</controlfield>
      <datafield tag="016" ind1="7" ind2=" ">
         <subfield code="a">IND20355632</subfield>
         <subfield code="2">DNAL</subfield>
      </datafield>
      <datafield tag="035" ind1=" " ind2=" ">
         <subfield code="a">agid:1665311-01nal_inst</subfield>
      </datafield>
      <datafield tag="040" ind1=" " ind2=" ">
         <subfield code="a">AGL</subfield>
         <subfield code="b">eng</subfield>
         <subfield code="c">AGL</subfield>
      </datafield>
      <datafield tag="100" ind1="1" ind2=" ">
         <subfield code="a">Palik, B.J.</subfield>
      </datafield>
      <datafield tag="245" ind1="1" ind2="4">
         <subfield code="a">The vertical development of early successional forests in northern
        Michigan, USA</subfield>
      </datafield>
      <datafield tag="300" ind1=" " ind2=" ">
         <subfield code="a">p. 271-285.</subfield>
      </datafield>
      <datafield tag="500" ind1=" " ind2=" ">
         <subfield code="a">2019-12-04</subfield>
      </datafield>
      <datafield tag="520" ind1=" " ind2=" ">
         <subfield code="a">Studies have shown that differences in height growth rates are
        characteristic of tree species that differ in understory tolerance and relative successional
        status. Less-tolerant species have greater juvenile height growth rates than more-tolerant
        species and thus, in a mixed-species forest, the former gain an early competitive advantage
        after a and-initiating disturbance. Species-level height ratification is the predicted
        outcome under this model. Silvicultural evidence suggests that a species-level differential
        growth rate model is idealistic because height ratification among species differing in
        understory tolerance is not consistently expressed within an even-aged forest.
        Stratification may fail to develop if individuals of a relatively tolerant species are
        competitively uninhibited, establish earlier than less-tolerant species, or are of
        vegetative-origin. The establishment and height growth histories of three species differing
        in understory tolerance were examined within two forests in northern Michigan, USA.
        Objectives of the study included: (i) determining if species height ratification paralleling
        understory tolerance was a characteristic of these forests; (ii) assessing the degree of
        height variation within species populations; and (iii) determining if species age
        distributions, changes in individual competitive environments, or regenerative origin
        influenced population height structures. In both forests, Populus grandidentata, an
        intolerant, early successional species was typically taller than Quercus rubra, a
        mid-tolerant, later successional species, which in turn was taller than Acer rubrum, a
        tolerant, later successional species. However within Quercus and Acer populations, heights
        were often highly variable, with some individuals equalling the heights of Populus. Age
        differences had no influence on height patterns Growth rate differences among surviving
        stems determined species ratification patterns and height variation within populations.
        Populus typically outgrew both Quercus and Acer, although some individuals of the latter two
        species had height growth rates equivalent to Populus. Mo Quercus and Acer appeared to be of
        vegetative origin. as were all Populus ramets. For individuals of the former two species,
        potential juvenile height growth rates were likely greater than that of true seedlings, thus
        allowing some individuals to match growth rates of Populus. Populus numerically dominated
        the fores because a large proportion of growing space was occupied by its root systems and
        ramets, relative to Quercus and Acer. Vertical domination by Populus was apparently the
        result of competitive inhibition of mo, but not all, Quercus and Acer, not because of
        inherent, species-specific differences in juvenile height growth rates.</subfield>
      </datafield>
      <datafield tag="650" ind1=" " ind2="3">
         <subfield code="a">Populus grandidentata</subfield>
      </datafield>
      <datafield tag="650" ind1=" " ind2="3">
         <subfield code="a">forest succession</subfield>
      </datafield>
      <datafield tag="650" ind1=" " ind2="3">
         <subfield code="a">Quercus rubra</subfield>
      </datafield>
      <datafield tag="650" ind1=" " ind2="3">
         <subfield code="a">Acer rubrum</subfield>
      </datafield>
      <datafield tag="650" ind1=" " ind2="3">
         <subfield code="a">mixed forests</subfield>
      </datafield>
      <datafield tag="650" ind1=" " ind2="3">
         <subfield code="a">spatial distribution</subfield>
      </datafield>
      <datafield tag="650" ind1=" " ind2="3">
         <subfield code="a">tree age</subfield>
      </datafield>
      <datafield tag="650" ind1=" " ind2="3">
         <subfield code="a">height</subfield>
      </datafield>
      <datafield tag="650" ind1=" " ind2="3">
         <subfield code="a">understory</subfield>
      </datafield>
      <datafield tag="651" ind1=" " ind2="3">
         <subfield code="a">Michigan</subfield>
      </datafield>
      <datafield tag="653" ind1=" " ind2="0">
         <subfield code="a">even aged forests</subfield>
      </datafield>
      <datafield tag="653" ind1=" " ind2="0">
         <subfield code="a">growth rate</subfield>
      </datafield>
      <datafield tag="653" ind1=" " ind2="0">
         <subfield code="a">plant characteristics</subfield>
      </datafield>
      <datafield tag="653" ind1=" " ind2="0">
         <subfield code="a">stand development</subfield>
      </datafield>
      <datafield tag="653" ind1=" " ind2="0">
         <subfield code="a">forest ecology</subfield>
      </datafield>
      <datafield tag="653" ind1=" " ind2="0">
         <subfield code="a">forests</subfield>
      </datafield>
      <datafield tag="700" ind1="1" ind2=" ">
         <subfield code="a">Pregitzer, K.S.</subfield>
      </datafield>
      <datafield tag="773" ind1="0" ind2=" ">
         <subfield code="t">Journal of ecology.</subfield>
         <subfield code="g">1993, v. 81, no. 2 p.271-285</subfield>
         <subfield code="x">0022-0477</subfield>
         <subfield code="7">nnas</subfield>
      </datafield>
      <datafield tag="787" ind1="1" ind2=" ">
         <subfield code="o">islandora_article_repository</subfield>
      </datafield>
      <datafield tag="787" ind1="1" ind2=" ">
         <subfield code="o">(Journal)jnl44660</subfield>
      </datafield>
      <datafield tag="852" ind1=" " ind2=" ">
         <subfield code="a">DNAL</subfield>
      </datafield>
      <datafield tag="912" ind1=" " ind2=" ">
         <subfield code="a">Article</subfield>
      </datafield>
      <datafield tag="914" ind1=" " ind2=" ">
         <subfield code="a">Journal:jnl44660</subfield>
      </datafield>
      <datafield tag="914" ind1=" " ind2=" ">
         <subfield code="f">J. ecol</subfield>
      </datafield>
      <datafield tag="917" ind1=" " ind2=" ">
         <subfield code="a">issued</subfield>
      </datafield>
      <datafield tag="930" ind1=" " ind2=" ">
         <subfield code="a">19931104</subfield>
         <subfield code="b">19931109</subfield>
         <subfield code="c">00000000</subfield>
      </datafield>
      <datafield tag="935" ind1=" " ind2=" ">
         <subfield code="a">IND20355632</subfield>
         <subfield code="9">ExL</subfield>
      </datafield>
      <datafield tag="945" ind1=" " ind2=" ">
         <subfield code="a">IND</subfield>
         <subfield code="d">RHF</subfield>
      </datafield>
      <datafield tag="946" ind1=" " ind2=" ">
         <subfield code="a">Non-US</subfield>
      </datafield>
      <datafield tag="952" ind1=" " ind2=" ">
         <subfield code="a">19931104 19931109 00000000</subfield>
         <subfield code="b">IND RHF </subfield>
      </datafield>
      <datafield tag="974" ind1=" " ind2=" ">
         <subfield code="a">agid:1665311</subfield>
      </datafield>
      <datafield tag="984" ind1=" " ind2=" ">
         <subfield code="a">2014-12-25</subfield>
      </datafield>
      <datafield tag="985" ind1=" " ind2=" ">
         <subfield code="a">Converted from MARCXML to MODS version 3.4 using MARC21slim2MODS3-4.xsl
        (Revision 1.95 2014/04/23)</subfield>
      </datafield>
      <datafield tag="986" ind1=" " ind2=" ">
         <subfield code="a">2995882</subfield>
      </datafield>
   </record>