
   <!--Record: 283-->
   <record>
      <leader>03542nab a2200565 u 4500</leader>
      <controlfield tag="001">9916043844607426</controlfield>
      <controlfield tag="005">20221120105213.0</controlfield>
      <controlfield tag="008">211023e20210923xx |||||o|||||||||||eng||</controlfield>
      <datafield tag="016" ind1="7" ind2=" ">
         <subfield code="a">IND607542145</subfield>
         <subfield code="2">DNAL</subfield>
      </datafield>
      <datafield tag="024" ind1="7" ind2=" ">
         <subfield code="a">10.3390/f12101297</subfield>
         <subfield code="2">doi</subfield>
      </datafield>
      <datafield tag="035" ind1=" " ind2=" ">
         <subfield code="a">agid:7542145-01nal_inst</subfield>
      </datafield>
      <datafield tag="040" ind1=" " ind2=" ">
         <subfield code="a">AGL</subfield>
         <subfield code="b">eng</subfield>
         <subfield code="c">AGL</subfield>
      </datafield>
      <datafield tag="100" ind1="1" ind2=" ">
         <subfield code="a">Adamidis, George C.</subfield>
         <subfield code="e">author</subfield>
      </datafield>
      <datafield tag="245" ind1="1" ind2="0">
         <subfield code="a">Patterns of Leaf Morphological Traits of Beech (Fagus sylvatica L.) along
        an Altitudinal Gradient</subfield>
      </datafield>
      <datafield tag="520" ind1=" " ind2=" ">
         <subfield code="a">Broadleaved tree species in mountainous populations usually demonstrate
        high levels of diversity in leaf morphology among individuals, as a response to a variety of
        environmental conditions associated with changes in altitude. We investigated the parameters
        shaping leaf morphological diversity in 80 beech individuals (Fagus sylvatica L.), in light
        and shade leaves, growing along an elevational gradient and under different habitat types on
        Mt. Paggeo in northeastern Greece. A clear altitudinal pattern was observed in the
        morphological leaf traits expressing lamina size and shape; with increasing altitude, trees
        had leaves with smaller laminas, less elongated outlines, and fewer pairs of secondary
        veins. However, this altitudinal trend in leaf morphology was varied in different habitat
        types. Furthermore, the shade leaves and light leaves showed differences in their
        altitudinal trend. Traits expressing lamina shape in shade leaves were more related to
        altitude, while leaf size appeared to be more influenced by habitat type. While the
        altitudinal trend in leaf morphology has been well documented for numerous broadleaved tree
        species, in a small spatial scale, different patterns emerged across different habitat
        types. This morphological variability among trees growing in a mountainous population
        indicates a high potential for adaptation to environmental extremes.</subfield>
      </datafield>
      <datafield tag="592" ind1=" " ind2=" ">
         <subfield code="a">Publisher supplied data</subfield>
      </datafield>
      <datafield tag="593" ind1=" " ind2=" ">
         <subfield code="a">PubAg article</subfield>
      </datafield>
      <datafield tag="650" ind1=" " ind2="3">
         <subfield code="a">Fagus sylvatica</subfield>
      </datafield>
      <datafield tag="650" ind1=" " ind2="3">
         <subfield code="a">altitude</subfield>
      </datafield>
      <datafield tag="650" ind1=" " ind2="3">
         <subfield code="a">broadleaved trees</subfield>
      </datafield>
      <datafield tag="650" ind1=" " ind2="3">
         <subfield code="a">habitats</subfield>
      </datafield>
      <datafield tag="650" ind1=" " ind2="3">
         <subfield code="a">leaf area</subfield>
      </datafield>
      <datafield tag="650" ind1=" " ind2="3">
         <subfield code="a">leaf morphology</subfield>
      </datafield>
      <datafield tag="650" ind1=" " ind2="3">
         <subfield code="a">leaves</subfield>
      </datafield>
      <datafield tag="650" ind1=" " ind2="3">
         <subfield code="a">mountains</subfield>
      </datafield>
      <datafield tag="651" ind1=" " ind2="3">
         <subfield code="a">Greece</subfield>
      </datafield>
      <datafield tag="700" ind1="1" ind2=" ">
         <subfield code="a">Varsamis, Georgios </subfield>
         <subfield code="e">author</subfield>
      </datafield>
      <datafield tag="700" ind1="1" ind2=" ">
         <subfield code="a">Tsiripidis, Ioannis </subfield>
         <subfield code="e">author</subfield>
      </datafield>
      <datafield tag="700" ind1="1" ind2=" ">
         <subfield code="a">Dimitrakopoulos, Panayiotis G.</subfield>
         <subfield code="e">author</subfield>
         <subfield code="u">Biodiversity Conservation Laboratory, Department of Environment, University
        of the Aegean, 81100 Mytilene, Greece</subfield>
      </datafield>
      <datafield tag="700" ind1="1" ind2=" ">
         <subfield code="a">Papageorgiou, Aristotelis C.</subfield>
         <subfield code="e">author</subfield>
         <subfield code="u">Department of Forestry, Environmental Management and Natural Resources,
        Democritus University of Thrace, 68200 Orestiada, Greece</subfield>
      </datafield>
      <datafield tag="773" ind1="0" ind2=" ">
         <subfield code="t">Forests.</subfield>
         <subfield code="g">2021 Sept. 23, v. 12, no. 10</subfield>
         <subfield code="d">Multidisciplinary Digital Publishing Institute</subfield>
         <subfield code="w">Journal:2257</subfield>
         <subfield code="x">1999-4907</subfield>
         <subfield code="7">nnas</subfield>
      </datafield>
      <datafield tag="787" ind1="1" ind2=" ">
         <subfield code="o">islandora_article_repository</subfield>
      </datafield>
      <datafield tag="787" ind1="1" ind2=" ">
         <subfield code="o">product_pubag</subfield>
      </datafield>
      <datafield tag="787" ind1="1" ind2=" ">
         <subfield code="o">(Journal)2257</subfield>
      </datafield>
      <datafield tag="856" ind1="4" ind2="0">
         <subfield code="u">https://dx.doi.org/10.3390/f12101297</subfield>
         <subfield code="3">Available from publisher's site</subfield>
      </datafield>
      <datafield tag="912" ind1=" " ind2=" ">
         <subfield code="a">Article</subfield>
      </datafield>
      <datafield tag="914" ind1=" " ind2=" ">
         <subfield code="a">Journal:2257</subfield>
         <subfield code="b">1999-4907</subfield>
         <subfield code="c">12</subfield>
         <subfield code="d">10</subfield>
      </datafield>
      <datafield tag="914" ind1=" " ind2=" ">
         <subfield code="f">Forests</subfield>
      </datafield>
      <datafield tag="916" ind1=" " ind2=" ">
         <subfield code="a">Batch:10203</subfield>
      </datafield>
      <datafield tag="917" ind1=" " ind2=" ">
         <subfield code="a">issued</subfield>
      </datafield>
      <datafield tag="918" ind1="2" ind2=" ">
         <subfield code="a">Multidisciplinary Digital Publishing Institute</subfield>
         <subfield code="e">provider</subfield>
         <subfield code="5">DNAL</subfield>
      </datafield>
      <datafield tag="935" ind1=" " ind2=" ">
         <subfield code="a">IND607542145</subfield>
         <subfield code="9">ExL</subfield>
      </datafield>
      <datafield tag="949" ind1=" " ind2=" ">
         <subfield code="a">2022-02-23</subfield>
      </datafield>
      <datafield tag="952" ind1=" " ind2=" ">
         <subfield code="d">NAL-AP-2-clean</subfield>
      </datafield>
      <datafield tag="953" ind1=" " ind2=" ">
         <subfield code="a">/data/metadata/incoming/mdpinstitute/forests-v12-i10-20211022.xml</subfield>
      </datafield>
      <datafield tag="954" ind1=" " ind2=" ">
         <subfield code="a">file:/data/metadata/staging/mdpinstitute/forests-v12-i10-20211022.xml</subfield>
      </datafield>
      <datafield tag="955" ind1=" " ind2=" ">
         <subfield code="a">/data/metadata/staging/mdpinstitute/</subfield>
      </datafield>
      <datafield tag="974" ind1=" " ind2=" ">
         <subfield code="a">agid:7542145</subfield>
      </datafield>
      <datafield tag="983" ind1=" " ind2=" ">
         <subfield code="a">2021-10-23</subfield>
      </datafield>
      <datafield tag="984" ind1=" " ind2=" ">
         <subfield code="a">2022-02-18</subfield>
      </datafield>
   </record>