
   <!--Record: 286-->
   <record>
      <leader>03881nab a2200661 u 4500</leader>
      <controlfield tag="001">9916043859807426</controlfield>
      <controlfield tag="005">20221120131305.0</controlfield>
      <controlfield tag="008">160124e20121201xx |||||o|||||||||||eng||</controlfield>
      <datafield tag="016" ind1="7" ind2=" ">
         <subfield code="a">IND604799310</subfield>
         <subfield code="2">DNAL</subfield>
      </datafield>
      <datafield tag="024" ind1="7" ind2=" ">
         <subfield code="a">10.1556/ComEc.13.2012.2.12</subfield>
         <subfield code="2">doi</subfield>
      </datafield>
      <datafield tag="035" ind1=" " ind2=" ">
         <subfield code="a">agid:4799310-01nal_inst</subfield>
      </datafield>
      <datafield tag="040" ind1=" " ind2=" ">
         <subfield code="a">AGL</subfield>
         <subfield code="b">eng</subfield>
         <subfield code="c">AGL</subfield>
      </datafield>
      <datafield tag="100" ind1="1" ind2=" ">
         <subfield code="a">Carrascal, L. M.</subfield>
         <subfield code="e">author</subfield>
         <subfield code="u">National Museum of Natural Sciences, MNCN-CSIC Dept. Biogeography and
        Global Change C/José Gutiérrez Abascal 2 28006 Madrid Spain</subfield>
      </datafield>
      <datafield tag="245" ind1="1" ind2="0">
         <subfield code="a">Temperature and food constraints in wintering birds — an experimental
        approach in montane Mediterranean oakwoods</subfield>
      </datafield>
      <datafield tag="300" ind1=" " ind2=" ">
         <subfield code="a">p. 221-229.</subfield>
      </datafield>
      <datafield tag="520" ind1=" " ind2=" ">
         <subfield code="a">Although energy is a major driver of global patterns of biodiversity and
        species distribution, the test of species-energy relationships needs further development
        using fine-grained approaches involving different functional groups of species and small
        geographical scales of known characteristics (habitat heterogeneity, food availability,
        direct measures of temperature). We carried out an experiment over a broad range of habitat
        structure and environmental conditions to disentangle the effects of two different energy
        measures on the small-scale variation of habitat use in winter: one directly related to food
        resources (manipulated food availability with artificial feeders), and another related to
        thermoregulatory costs (night temperature). The spatial variation in abundance of a guild of
        tree-gleaning birds wintering in montane Mediterranean oakwoods of Central Spain was
        positively related to both components of energy availability (temperature and food
        resources), even in these mild Mediterranean montane forest of southern Europe. Spatial
        variation in consumption of food from artificial feeders was negatively related to spatial
        variation in temperature. The influence of food availability on bird abundance was mediated
        by vegetation structure, with a lower influence in maturer oakwoods. This study highlights
        the important role of the energy-related factors, over habitat structure, in determining
        winter abundance of the studied tree-gleaning guild.</subfield>
      </datafield>
      <datafield tag="592" ind1=" " ind2=" ">
         <subfield code="a">Publisher supplied data</subfield>
      </datafield>
      <datafield tag="593" ind1=" " ind2=" ">
         <subfield code="a">PubAg article</subfield>
      </datafield>
      <datafield tag="650" ind1=" " ind2="3">
         <subfield code="a">biodiversity</subfield>
      </datafield>
      <datafield tag="650" ind1=" " ind2="3">
         <subfield code="a">biogeography</subfield>
      </datafield>
      <datafield tag="650" ind1=" " ind2="3">
         <subfield code="a">birds</subfield>
      </datafield>
      <datafield tag="650" ind1=" " ind2="3">
         <subfield code="a">energy</subfield>
      </datafield>
      <datafield tag="650" ind1=" " ind2="3">
         <subfield code="a">environmental factors</subfield>
      </datafield>
      <datafield tag="650" ind1=" " ind2="3">
         <subfield code="a">food availability</subfield>
      </datafield>
      <datafield tag="650" ind1=" " ind2="3">
         <subfield code="a">food consumption</subfield>
      </datafield>
      <datafield tag="650" ind1=" " ind2="3">
         <subfield code="a">habitat preferences</subfield>
      </datafield>
      <datafield tag="650" ind1=" " ind2="3">
         <subfield code="a">habitats</subfield>
      </datafield>
      <datafield tag="650" ind1=" " ind2="3">
         <subfield code="a">montane forests</subfield>
      </datafield>
      <datafield tag="650" ind1=" " ind2="3">
         <subfield code="a">night temperature</subfield>
      </datafield>
      <datafield tag="650" ind1=" " ind2="3">
         <subfield code="a">vegetation structure</subfield>
      </datafield>
      <datafield tag="650" ind1=" " ind2="3">
         <subfield code="a">winter</subfield>
      </datafield>
      <datafield tag="651" ind1=" " ind2="3">
         <subfield code="a">Southern European region</subfield>
      </datafield>
      <datafield tag="651" ind1=" " ind2="3">
         <subfield code="a">Spain</subfield>
      </datafield>
      <datafield tag="653" ind1=" " ind2="0">
         <subfield code="a">Bird density</subfield>
      </datafield>
      <datafield tag="653" ind1=" " ind2="0">
         <subfield code="a">Mountain forests</subfield>
      </datafield>
      <datafield tag="653" ind1=" " ind2="0">
         <subfield code="a">Food abundance</subfield>
      </datafield>
      <datafield tag="653" ind1=" " ind2="0">
         <subfield code="a">Thermal environment</subfield>
      </datafield>
      <datafield tag="653" ind1=" " ind2="0">
         <subfield code="a">Winter</subfield>
      </datafield>
      <datafield tag="700" ind1="1" ind2=" ">
         <subfield code="a">Seoane, J.</subfield>
         <subfield code="e">author</subfield>
         <subfield code="u">Universidad Autónoma de Madrid Terrestrial Ecology Group (TEG), Departament
        of Ecology 28049 Madrid Spain</subfield>
      </datafield>
      <datafield tag="700" ind1="1" ind2=" ">
         <subfield code="a">Villén-Pérez, S.</subfield>
         <subfield code="e">author</subfield>
         <subfield code="u">National Museum of Natural Sciences, MNCN-CSIC Dept. Biogeography and
        Global Change C/José Gutiérrez Abascal 2 28006 Madrid Spain</subfield>
      </datafield>
      <datafield tag="773" ind1="0" ind2=" ">
         <subfield code="t">Community ecology.</subfield>
         <subfield code="g">2012 Dec. 1, v. 13, no. 2 p.221-229</subfield>
         <subfield code="d">Akadémiai Kiadó</subfield>
         <subfield code="x">1585-8553</subfield>
         <subfield code="7">nnas</subfield>
      </datafield>
      <datafield tag="787" ind1="1" ind2=" ">
         <subfield code="o">islandora_article_repository</subfield>
      </datafield>
      <datafield tag="787" ind1="1" ind2=" ">
         <subfield code="o">product_pubag</subfield>
      </datafield>
      <datafield tag="787" ind1="1" ind2=" ">
         <subfield code="o">(Journal)J000000060</subfield>
      </datafield>
      <datafield tag="856" ind1="4" ind2="0">
         <subfield code="u">http://dx.doi.org/10.1556%2FComEc.13.2012.2.12</subfield>
         <subfield code="3">Available from publisher's site</subfield>
      </datafield>
      <datafield tag="912" ind1=" " ind2=" ">
         <subfield code="a">Article</subfield>
      </datafield>
      <datafield tag="914" ind1=" " ind2=" ">
         <subfield code="a">Journal:J000000060</subfield>
         <subfield code="b">1585-8553</subfield>
         <subfield code="c">13</subfield>
         <subfield code="d">2</subfield>
         <subfield code="e">221</subfield>
      </datafield>
      <datafield tag="914" ind1=" " ind2=" ">
         <subfield code="f">Community ecology</subfield>
      </datafield>
      <datafield tag="916" ind1=" " ind2=" ">
         <subfield code="a">Batch:1393</subfield>
      </datafield>
      <datafield tag="917" ind1=" " ind2=" ">
         <subfield code="a">issued</subfield>
      </datafield>
      <datafield tag="918" ind1="2" ind2=" ">
         <subfield code="a">Akademiai Kiado</subfield>
         <subfield code="e">provider</subfield>
         <subfield code="5">DNAL</subfield>
      </datafield>
      <datafield tag="935" ind1=" " ind2=" ">
         <subfield code="a">IND604799310</subfield>
         <subfield code="9">ExL</subfield>
      </datafield>
      <datafield tag="949" ind1=" " ind2=" ">
         <subfield code="a">2016-08-17</subfield>
      </datafield>
      <datafield tag="953" ind1=" " ind2=" ">
         <subfield code="a">AKAKIA_168_13_2.zip</subfield>
      </datafield>
      <datafield tag="962" ind1=" " ind2=" ">
         <subfield code="a">Batch:1393 reviewed on 2016-08-17T11:00:02Z</subfield>
      </datafield>
      <datafield tag="974" ind1=" " ind2=" ">
         <subfield code="a">agid:4799310</subfield>
      </datafield>
      <datafield tag="983" ind1=" " ind2=" ">
         <subfield code="a">2016-01-24</subfield>
      </datafield>
      <datafield tag="984" ind1=" " ind2=" ">
         <subfield code="a">2016-08-17</subfield>
      </datafield>
   </record>