
   <!--Record: 294-->
   <record>
      <leader>05551nab a2200745 u 4500</leader>
      <controlfield tag="001">9916045853607426</controlfield>
      <controlfield tag="005">20221122181631.0</controlfield>
      <controlfield tag="008">160901e20130615xx |||||o|||||||||||eng||</controlfield>
      <datafield tag="016" ind1="7" ind2=" ">
         <subfield code="a">IND600876419</subfield>
         <subfield code="2">DNAL</subfield>
      </datafield>
      <datafield tag="024" ind1="7" ind2=" ">
         <subfield code="a">10.1016/j.rse.2013.02.003</subfield>
         <subfield code="2">doi</subfield>
      </datafield>
      <datafield tag="035" ind1=" " ind2=" ">
         <subfield code="a">agid:876419-01nal_inst</subfield>
      </datafield>
      <datafield tag="040" ind1=" " ind2=" ">
         <subfield code="a">AGL</subfield>
         <subfield code="b">eng</subfield>
         <subfield code="c">AGL</subfield>
      </datafield>
      <datafield tag="100" ind1="1" ind2=" ">
         <subfield code="a">Zarco-Tejada, P.J.</subfield>
         <subfield code="e">author</subfield>
         <subfield code="u">Instituto de Agricultura Sostenible (IAS), Consejo Superior de
        Investigaciones Científicas (CSIC), Córdoba, Spain</subfield>
      </datafield>
      <datafield tag="245" ind1="1" ind2="0">
         <subfield code="a">Spatio-temporal patterns of chlorophyll fluorescence and physiological and
        structural indices acquired from hyperspectral imagery as compared with carbon fluxes
        measured with eddy covariance</subfield>
      </datafield>
      <datafield tag="300" ind1=" " ind2=" ">
         <subfield code="a">p. 102-115.</subfield>
      </datafield>
      <datafield tag="520" ind1=" " ind2=" ">
         <subfield code="a">This study provides insight into the assessment of the spatio-temporal
        trends of chlorophyll fluorescence, narrow-band physiological indices, and structural
        indices acquired with a hyperspectral imager flown over a flux tower in a canopy
        characterized by small seasonal structural changes and a heterogeneous architecture. A total
        of seven flights between summer and autumn were conducted with a hyperspectral camera that
        captured 30cm resolution imagery and 260 spectral bands in the 400-900nm region. This
        enabled the identification of pure-vegetation tree crown pixels around an eddy covariance
        flux tower without shadow components or background effects. The hyperspectral imagery was
        used to study the temporal patterns of canopy fluorescence and reflectance indices related
        to physiology and canopy structure. The seasonal trends observed in the airborne indices and
        fluorescence and their relationship with gross primary production (GPP) demonstrated that
        vegetation indices mostly related to structure such as the normalized difference vegetation
        index (NDVI) and the enhanced vegetation index (EVI) yielded non-significant relationships
        (r2=0.17; p&gt;0.05) due to the small structural changes in the canopy through the season.
        By contrast, physiological indices related to chlorophyll content (TCARI/OSAVI), light use
        efficiency (PRI570), and canopy chlorophyll fluorescence calculated through the Fraunhofer
        Line Depth principle (FLD3) showed a similar seasonal trend to that of GPP measured at the
        same time of the flights (r2 in the range 0.75–0.84; p&lt;0.01). These results are
        consistent with the physiological trend observed during summer and autumn, which showed that
        chlorophyll content increased by 17.9% while the NDVI and the estimated tree crown projected
        LAI (LAIp) remained almost constant during the experiment (3% variation). The time-series
        hyperspectral dataset demonstrated that the seasonal trajectories of the NDVI and EVI were
        weakly related (p&gt;0.05) to the physiological indicators such as TCARI/OSAVI, PRI570 and
        fluorescence. The spatial variability of the hyperspectral indices investigated through the
        coefficient of variation (CV) showed that fluorescence around the tower varied up to 17% at
        the time of the maximum stress (summer), while LAIp showed little variation during that time
        (CV=1.8%). After the summer stress period, the CV for fluorescence and chlorophyll content
        decreased in autumn down to 9%. This study demonstrates that small physiological changes
        occurring in an evergreen canopy were still captured by remote sensing physiological indices
        and high-resolution airborne fluorescence. These indicators are required for GPP monitoring
        when the vegetation dynamics are not captured by remote sensing structural
        indices.</subfield>
      </datafield>
      <datafield tag="592" ind1=" " ind2=" ">
         <subfield code="a">Publisher supplied data</subfield>
      </datafield>
      <datafield tag="593" ind1=" " ind2=" ">
         <subfield code="a">PubAg article</subfield>
      </datafield>
      <datafield tag="650" ind1=" " ind2="3">
         <subfield code="a">autumn</subfield>
      </datafield>
      <datafield tag="650" ind1=" " ind2="3">
         <subfield code="a">canopy</subfield>
      </datafield>
      <datafield tag="650" ind1=" " ind2="3">
         <subfield code="a">carbon</subfield>
      </datafield>
      <datafield tag="650" ind1=" " ind2="3">
         <subfield code="a">chlorophyll</subfield>
      </datafield>
      <datafield tag="650" ind1=" " ind2="3">
         <subfield code="a">data collection</subfield>
      </datafield>
      <datafield tag="650" ind1=" " ind2="3">
         <subfield code="a">eddy covariance</subfield>
      </datafield>
      <datafield tag="650" ind1=" " ind2="3">
         <subfield code="a">fluorescence</subfield>
      </datafield>
      <datafield tag="650" ind1=" " ind2="3">
         <subfield code="a">hyperspectral imagery</subfield>
      </datafield>
      <datafield tag="650" ind1=" " ind2="3">
         <subfield code="a">leaf area index</subfield>
      </datafield>
      <datafield tag="650" ind1=" " ind2="3">
         <subfield code="a">monitoring</subfield>
      </datafield>
      <datafield tag="650" ind1=" " ind2="3">
         <subfield code="a">normalized difference vegetation index</subfield>
      </datafield>
      <datafield tag="650" ind1=" " ind2="3">
         <subfield code="a">physiology</subfield>
      </datafield>
      <datafield tag="650" ind1=" " ind2="3">
         <subfield code="a">primary productivity</subfield>
      </datafield>
      <datafield tag="650" ind1=" " ind2="3">
         <subfield code="a">reflectance</subfield>
      </datafield>
      <datafield tag="650" ind1=" " ind2="3">
         <subfield code="a">remote sensing</subfield>
      </datafield>
      <datafield tag="650" ind1=" " ind2="3">
         <subfield code="a">summer</subfield>
      </datafield>
      <datafield tag="650" ind1=" " ind2="3">
         <subfield code="a">tree crown</subfield>
      </datafield>
      <datafield tag="650" ind1=" " ind2="3">
         <subfield code="a">vegetation</subfield>
      </datafield>
      <datafield tag="653" ind1=" " ind2="0">
         <subfield code="a">Hyperspectral</subfield>
      </datafield>
      <datafield tag="653" ind1=" " ind2="0">
         <subfield code="a">Physiological indices</subfield>
      </datafield>
      <datafield tag="653" ind1=" " ind2="0">
         <subfield code="a">Eddy covariance</subfield>
      </datafield>
      <datafield tag="653" ind1=" " ind2="0">
         <subfield code="a">Chlorophyll</subfield>
      </datafield>
      <datafield tag="653" ind1=" " ind2="0">
         <subfield code="a">Narrow-band indices</subfield>
      </datafield>
      <datafield tag="653" ind1=" " ind2="0">
         <subfield code="a">Gross primary production</subfield>
      </datafield>
      <datafield tag="653" ind1=" " ind2="0">
         <subfield code="a">GPP</subfield>
      </datafield>
      <datafield tag="653" ind1=" " ind2="0">
         <subfield code="a">Unmanned aerial vehicle</subfield>
      </datafield>
      <datafield tag="653" ind1=" " ind2="0">
         <subfield code="a">UAV</subfield>
      </datafield>
      <datafield tag="700" ind1="1" ind2=" ">
         <subfield code="a">Morales, A.</subfield>
         <subfield code="e">author</subfield>
         <subfield code="u">Instituto de Agricultura Sostenible (IAS), Consejo Superior de
        Investigaciones Científicas (CSIC), Córdoba, Spain</subfield>
      </datafield>
      <datafield tag="700" ind1="1" ind2=" ">
         <subfield code="a">Testi, L.</subfield>
         <subfield code="e">author</subfield>
         <subfield code="u">Instituto de Agricultura Sostenible (IAS), Consejo Superior de
        Investigaciones Científicas (CSIC), Córdoba, Spain</subfield>
      </datafield>
      <datafield tag="700" ind1="1" ind2=" ">
         <subfield code="a">Villalobos, F.J.</subfield>
         <subfield code="e">author</subfield>
         <subfield code="u">Instituto de Agricultura Sostenible (IAS), Consejo Superior de
        Investigaciones Científicas (CSIC), Córdoba, Spain</subfield>
      </datafield>
      <datafield tag="773" ind1="0" ind2=" ">
         <subfield code="t">Remote sensing of environment.</subfield>
         <subfield code="g">2013 June 15, v. 133 p.102-115</subfield>
         <subfield code="d">Elsevier Inc.</subfield>
         <subfield code="x">0034-4257</subfield>
         <subfield code="7">nnas</subfield>
      </datafield>
      <datafield tag="787" ind1="1" ind2=" ">
         <subfield code="o">islandora_article_repository</subfield>
      </datafield>
      <datafield tag="787" ind1="1" ind2=" ">
         <subfield code="o">product_pubag</subfield>
      </datafield>
      <datafield tag="787" ind1="1" ind2=" ">
         <subfield code="o">(Journal)11735</subfield>
      </datafield>
      <datafield tag="856" ind1="4" ind2="0">
         <subfield code="u">http://dx.doi.org/10.1016/j.rse.2013.02.003</subfield>
         <subfield code="3">Available from publisher's site</subfield>
      </datafield>
      <datafield tag="912" ind1=" " ind2=" ">
         <subfield code="a">Article</subfield>
      </datafield>
      <datafield tag="914" ind1=" " ind2=" ">
         <subfield code="a">Journal:11735</subfield>
         <subfield code="b">0034-4257</subfield>
         <subfield code="c">133</subfield>
         <subfield code="e">102</subfield>
      </datafield>
      <datafield tag="914" ind1=" " ind2=" ">
         <subfield code="f">Remote sensing of environment</subfield>
      </datafield>
      <datafield tag="916" ind1=" " ind2=" ">
         <subfield code="a">Batch:1016</subfield>
      </datafield>
      <datafield tag="917" ind1=" " ind2=" ">
         <subfield code="a">issued</subfield>
      </datafield>
      <datafield tag="918" ind1="2" ind2=" ">
         <subfield code="a">Elsevier Consyn</subfield>
         <subfield code="e">provider</subfield>
         <subfield code="5">DNAL</subfield>
      </datafield>
      <datafield tag="935" ind1=" " ind2=" ">
         <subfield code="a">IND600876419</subfield>
         <subfield code="9">ExL</subfield>
      </datafield>
      <datafield tag="949" ind1=" " ind2=" ">
         <subfield code="a">2015-09-01</subfield>
      </datafield>
      <datafield tag="953" ind1=" " ind2=" ">
         <subfield code="a">consyn93-2-00006-HEAD-ONLY.ZIP</subfield>
      </datafield>
      <datafield tag="974" ind1=" " ind2=" ">
         <subfield code="a">agid:876419</subfield>
      </datafield>
      <datafield tag="983" ind1=" " ind2=" ">
         <subfield code="a">2016-09-01</subfield>
      </datafield>
      <datafield tag="984" ind1=" " ind2=" ">
         <subfield code="a">2016-09-01</subfield>
      </datafield>
   </record>